posting_date,transaction_date,description,merchant_category,type,amount,running_balance,check_number,reference_id,channel
2025-01-01,2025-01-01,ACH PADUCAH BANK — MORTGAGE PMT,Mortgage,Debit,-585.00,8835.00,,FCB8797934947,ACH
2025-01-02,2025-01-02,OPERATING LINE — INTEREST CHARGE,Interest,Debit,-297.50,8537.50,,FCB8057512799,FEE
2025-01-02,2025-01-02,TRACTOR SUPPLY CO,Retail,Debit,-179.61,8357.89,,FCB4610814598,POS
2025-01-03,2025-01-03,ACH MCCRACKEN CO SCHOOLS — PAYROLL,Payroll,Credit,1050.47,9408.36,,FCB5061256225,ACH
2025-01-03,2025-01-03,CIRCLE K,Auto fuel,Debit,-69.47,9338.89,,FCB5916094386,POS
2025-01-05,2025-01-05,ACH FARM CREDIT MID-AMERICA — EQUIP LOAN,Loan payment,Debit,-1145.74,8193.15,,FCB8628908095,ACH
2025-01-05,2025-01-05,NETFLIX / DISNEY+ / SPOTIFY,Subscriptions,Debit,-46.97,8146.18,,FCB2506170276,ACH
2025-01-05,2025-01-05,SAVE-A-LOT,Groceries,Debit,-123.63,8022.55,,FCB1929628972,POS
2025-01-06,2025-01-06,VENMO — CALEB (COLLEGE SPENDING),College,Debit,-223.79,7798.76,,FCB1873185032,ACH
2025-01-08,2025-01-08,VERIZON WIRELESS,Phone,Debit,-188.45,7610.31,,FCB3596957266,ACH
2025-01-09,2025-01-09,WALMART SUPERCENTER,Groceries,Debit,-102.87,7507.44,,FCB5643716467,POS
2025-01-10,2025-01-10,MURRAY STATE UNIV — BURSAR TUITION,College,Debit,-4180.00,3327.44,,FCB8508776976,ACH
2025-01-11,2025-01-11,CVS PHARMACY,Health,Debit,-66.93,3260.51,,FCB5308205879,POS
2025-01-12,2025-01-12,MURRAY STATE — HOUSING/MEAL PLAN,College,Debit,-3250.00,10.51,,FCB8146021080,ACH
2025-01-12,2025-01-12,WEST KY RECC — HOME ELECTRIC,Home utilities,Debit,-244.20,-233.69,,FCB2931174820,ACH
2025-01-13,2025-01-13,ALDI PADUCAH,Groceries,Debit,-112.82,-346.51,,FCB5978811834,POS
2025-01-13,2025-01-13,SHELL PADUCAH,Auto fuel,Debit,-62.36,-408.87,,FCB8357961414,POS
2025-01-14,2025-01-14,DEPOSIT BLUEGRASS GRAIN ELEVATOR — CORN,Farm income,Credit,38420.00,38011.13,,FCB5942839071,DEP
2025-01-16,2025-01-16,WEST KY RECC / PROPANE — FARM,Farm expense,Debit,-331.45,37679.68,,FCB9681616278,ACH
2025-01-17,2025-01-17,ACH MCCRACKEN CO SCHOOLS — PAYROLL,Payroll,Credit,1050.47,38730.15,,FCB7958121604,ACH
2025-01-17,2025-01-17,AMAZON.COM,Retail,Debit,-67.04,38663.11,,FCB9765453461,POS
2025-01-19,2025-01-19,WALMART SUPERCENTER,Groceries,Debit,-165.64,38497.47,,FCB7406623560,POS
2025-01-20,2025-01-20,KY FARM BUREAU — DUES,Farm expense,Debit,-900.00,37597.47,,FCB2170195251,POS
2025-01-20,2025-01-20,OPERATING LINE — PRINCIPAL PAYMENT,LOC paydown,Debit,-4000.00,33597.47,,FCB8306456160,ACH
2025-01-22,2025-01-22,PADUCAH WATER / MEDIACOM INTERNET,Home utilities,Debit,-142.27,33455.20,,FCB9521763049,ACH
2025-01-24,2025-01-24,WALMART SUPERCENTER,Groceries,Debit,-133.28,33321.92,,FCB8232236593,POS
2025-01-25,2025-01-25,OWNER DRAW / ATM — HARTWELL FAMILY,Owner draw,Debit,-1020.87,32301.05,,FCB4454324011,ATM
2025-01-29,2025-01-29,WALMART SUPERCENTER,Groceries,Debit,-204.72,32096.33,,FCB4686218153,POS
2025-01-31,2025-01-31,ACH MCCRACKEN CO SCHOOLS — PAYROLL,Payroll,Credit,1050.47,33146.80,,FCB9918693325,ACH
2025-02-01,2025-02-01,ACH PADUCAH BANK — MORTGAGE PMT,Mortgage,Debit,-585.00,32561.80,,FCB3454741254,ACH
2025-02-02,2025-02-02,OPERATING LINE — INTEREST CHARGE,Interest,Debit,-283.33,32278.47,,FCB6741690915,FEE
2025-02-02,2025-02-02,TRI-COUNTY FARM FUELS — BULK DELIVERY,Fuel,Debit,-2122.98,30155.49,,FCB1231414608,ACH
2025-02-02,2025-02-02,WALMART SUPERCENTER,Groceries,Debit,-100.30,30055.19,,FCB1518624437,POS
2025-02-05,2025-02-05,ACH FARM CREDIT MID-AMERICA — EQUIP LOAN,Loan payment,Debit,-1145.74,28909.45,,FCB8992540208,ACH
2025-02-05,2025-02-05,NETFLIX / DISNEY+ / SPOTIFY,Subscriptions,Debit,-46.97,28862.48,,FCB5797224077,ACH
2025-02-06,2025-02-06,VENMO — CALEB (COLLEGE SPENDING),College,Debit,-224.91,28637.57,,FCB4301689960,ACH
2025-02-08,2025-02-08,VERIZON WIRELESS,Phone,Debit,-188.45,28449.12,,FCB8637397507,ACH
2025-02-10,2025-02-10,SAVE-A-LOT,Groceries,Debit,-194.90,28254.22,,FCB4076680173,POS
2025-02-11,2025-02-11,DEPOSIT TRI-RIVERS LIVESTOCK AUCTION — CATTLE,Farm income,Credit,14900.00,43154.22,,FCB3402177926,DEP
2025-02-12,2025-02-12,WEST KY RECC — HOME ELECTRIC,Home utilities,Debit,-167.41,42986.81,,FCB8027840657,ACH
2025-02-14,2025-02-14,ACH MCCRACKEN CO SCHOOLS — PAYROLL,Payroll,Credit,1050.47,44037.28,,FCB5141816928,ACH
2025-02-14,2025-02-14,ALDI PADUCAH,Groceries,Debit,-232.78,43804.50,,FCB2480788376,POS
2025-02-14,2025-02-14,TRI-STATE EQUIPMENT — REPAIR/PARTS,Farm expense,Debit,-2140.99,41663.51,,FCB2292877852,POS
2025-02-16,2025-02-16,WEST KY RECC / PROPANE — FARM,Farm expense,Debit,-522.68,41140.83,,FCB6748217977,ACH
2025-02-20,2025-02-20,MARATHON OAK LEVEL,Auto fuel,Debit,-46.57,41094.26,,FCB9251891626,POS
2025-02-20,2025-02-20,WALMART SUPERCENTER,Groceries,Debit,-236.05,40858.21,,FCB7427742066,POS
2025-02-22,2025-02-22,CIRCLE K,Auto fuel,Debit,-70.95,40787.26,,FCB2406747720,POS
2025-02-22,2025-02-22,CVS PHARMACY,Health,Debit,-78.23,40709.03,,FCB1089225047,POS
2025-02-22,2025-02-22,PADUCAH WATER / MEDIACOM INTERNET,Home utilities,Debit,-153.12,40555.91,,FCB2950090349,ACH
2025-02-24,2025-02-24,WALGREENS PHARMACY,Health,Debit,-69.11,40486.80,,FCB4303035115,POS
2025-02-25,2025-02-25,BAPTIST HEALTH PADUCAH,Health,Debit,-135.86,40350.94,,FCB9819963397,POS
2025-02-25,2025-02-25,OWNER DRAW / ATM — HARTWELL FAMILY,Owner draw,Debit,-1020.87,39330.07,,FCB7589242699,ATM
2025-02-25,2025-02-25,SAVE-A-LOT,Groceries,Debit,-178.76,39151.31,,FCB6545896620,POS
2025-02-26,2025-02-26,BLUEGRASS FEED & SUPPLY,Farm expense,Debit,-6292.22,32859.09,,FCB6340492676,POS
2025-02-26,2025-02-26,SHELL PADUCAH,Auto fuel,Debit,-55.44,32803.65,,FCB6453542465,POS
2025-02-28,2025-02-28,ACH MCCRACKEN CO SCHOOLS — PAYROLL,Payroll,Credit,1050.47,33854.12,,FCB6085475458,ACH
2025-03-01,2025-03-01,ACH PADUCAH BANK — MORTGAGE PMT,Mortgage,Debit,-585.00,33269.12,,FCB1881495452,ACH
2025-03-01,2025-03-01,R. MAYFIELD — CROPLAND CASH RENT,Farm expense,Debit,-3481.40,29787.72,1846,FCB9885106418,CHECK
2025-03-02,2025-03-02,HARTLEY & ASSOC — FARM ACCOUNTING,Farm expense,Debit,-1100.00,28687.72,,FCB3467695601,POS
2025-03-02,2025-03-02,OPERATING LINE — INTEREST CHARGE,Interest,Debit,-325.83,28361.89,,FCB9529614896,FEE
2025-03-02,2025-03-02,WALMART SUPERCENTER,Groceries,Debit,-182.55,28179.34,,FCB8637376468,POS
2025-03-03,2025-03-03,OPERATING LINE ADVANCE,LOC advance,Credit,12000.00,40179.34,,FCB3468637902,ACH
2025-03-05,2025-03-05,ACH FARM CREDIT MID-AMERICA — EQUIP LOAN,Loan payment,Debit,-1145.74,39033.60,,FCB1551116291,ACH
2025-03-05,2025-03-05,DEPOSIT FEEDER CATTLE RESALE,Farm income,Credit,8400.00,47433.60,,FCB6047418499,DEP
2025-03-05,2025-03-05,KROGER PADUCAH,Groceries,Debit,-153.07,47280.53,,FCB5926808875,POS
2025-03-05,2025-03-05,NETFLIX / DISNEY+ / SPOTIFY,Subscriptions,Debit,-46.97,47233.56,,FCB7911049671,ACH
2025-03-06,2025-03-06,VENMO — CALEB (COLLEGE SPENDING),College,Debit,-266.16,46967.40,,FCB9173570293,ACH
2025-03-07,2025-03-07,TRACTOR SUPPLY CO,Retail,Debit,-42.90,46924.50,,FCB6267951107,POS
2025-03-07,2025-03-07,WALGREENS PHARMACY,Health,Debit,-52.08,46872.42,,FCB6657847724,POS
2025-03-08,2025-03-08,VERIZON WIRELESS,Phone,Debit,-188.45,46683.97,,FCB1909994274,ACH
2025-03-12,2025-03-12,SOUTHERN STATES CO-OP — FERTILIZER/LIME,Farm expense,Debit,-9478.82,37205.15,,FCB9210622470,POS
2025-03-12,2025-03-12,WALMART SUPERCENTER,Groceries,Debit,-200.26,37004.89,,FCB4035591246,POS
2025-03-12,2025-03-12,WEST KY RECC — HOME ELECTRIC,Home utilities,Debit,-189.48,36815.41,,FCB4270315306,ACH
2025-03-14,2025-03-14,ACH MCCRACKEN CO SCHOOLS — PAYROLL,Payroll,Credit,1050.47,37865.88,,FCB6044744647,ACH
2025-03-14,2025-03-14,LOWE'S PADUCAH,Retail,Debit,-110.27,37755.61,,FCB4686651897,POS
2025-03-15,2025-03-15,HUCK'S #21,Auto fuel,Debit,-63.15,37692.46,,FCB9402659745,POS
2025-03-15,2025-03-15,TRACTOR SUPPLY CO,Retail,Debit,-170.40,37522.06,,FCB5735625081,POS
2025-03-16,2025-03-16,WEST KY RECC / PROPANE — FARM,Farm expense,Debit,-481.20,37040.86,,FCB5686899402,ACH
2025-03-17,2025-03-17,KROGER PADUCAH,Groceries,Debit,-178.06,36862.80,,FCB6634043132,POS
2025-03-17,2025-03-17,WALGREENS PHARMACY,Health,Debit,-90.45,36772.35,,FCB2582854156,POS
2025-03-18,2025-03-18,CIRCLE K,Auto fuel,Debit,-58.77,36713.58,,FCB2786444766,POS
2025-03-20,2025-03-20,DEPOSIT WEST KY HAY & FORAGE,Farm income,Credit,6100.00,42813.58,,FCB6481279796,DEP
2025-03-21,2025-03-21,BAPTIST HEALTH PADUCAH,Health,Debit,-193.64,42619.94,,FCB7188566918,POS
2025-03-22,2025-03-22,PADUCAH WATER / MEDIACOM INTERNET,Home utilities,Debit,-138.79,42481.15,,FCB5951806290,ACH
2025-03-23,2025-03-23,SAVE-A-LOT,Groceries,Debit,-169.79,42311.36,,FCB8178699154,POS
2025-03-23,2025-03-23,SHELL PADUCAH,Auto fuel,Debit,-67.26,42244.10,,FCB1357188005,POS
2025-03-25,2025-03-25,OWNER DRAW / ATM — HARTWELL FAMILY,Owner draw,Debit,-1020.87,41223.23,,FCB6015337345,ATM
2025-03-26,2025-03-26,BAPTIST HEALTH PADUCAH,Health,Debit,-168.70,41054.53,,FCB8840291348,POS
2025-03-26,2025-03-26,WALMART SUPERCENTER,Groceries,Debit,-205.44,40849.09,,FCB7375027702,POS
2025-03-28,2025-03-28,ACH MCCRACKEN CO SCHOOLS — PAYROLL,Payroll,Credit,1050.47,41899.56,,FCB5757748734,ACH
2025-03-28,2025-03-28,MONTHLY SERVICE FEE,Bank fee,Debit,-12.00,41887.56,,FCB4229698911,FEE
2025-03-30,2025-03-30,FARM & HOME SUPPLY,Farm expense,Debit,-2381.71,39505.85,,FCB4455382686,POS
2025-03-30,2025-03-30,TRI-COUNTY FARM FUELS — BULK DELIVERY,Fuel,Debit,-1992.42,37513.43,,FCB2615534840,ACH
2025-04-01,2025-04-01,ACH PADUCAH BANK — MORTGAGE PMT,Mortgage,Debit,-585.00,36928.43,,FCB7068855687,ACH
2025-04-01,2025-04-01,SAVE-A-LOT,Groceries,Debit,-95.31,36833.12,,FCB6346702582,POS
2025-04-01,2025-04-01,WESTERN KY EQUIPMENT RENTAL,Farm expense,Debit,-1946.95,34886.17,,FCB2967420357,POS
2025-04-02,2025-04-02,OPERATING LINE — INTEREST CHARGE,Interest,Debit,-421.46,34464.71,,FCB9441022421,FEE
2025-04-03,2025-04-03,OPERATING LINE ADVANCE,LOC advance,Credit,15000.00,49464.71,,FCB7040737562,ACH
2025-04-03,2025-04-03,RURAL KING,Retail,Debit,-177.49,49287.22,,FCB7362073603,POS
2025-04-03,2025-04-03,SOUTHERN STATES CO-OP — SEED,Farm expense,Debit,-5913.14,43374.08,,FCB6550269389,POS
2025-04-05,2025-04-05,ACH FARM CREDIT MID-AMERICA — EQUIP LOAN,Loan payment,Debit,-1145.74,42228.34,,FCB5287279237,ACH
2025-04-05,2025-04-05,NETFLIX / DISNEY+ / SPOTIFY,Subscriptions,Debit,-46.97,42181.37,,FCB8236383274,ACH
2025-04-06,2025-04-06,VENMO — CALEB (COLLEGE SPENDING),College,Debit,-180.11,42001.26,,FCB3605485576,ACH
2025-04-06,2025-04-06,WALMART SUPERCENTER,Groceries,Debit,-116.58,41884.68,,FCB4723141299,POS
2025-04-07,2025-04-07,OAK LEVEL VETERINARY CLINIC,Farm expense,Debit,-1451.76,40432.92,,FCB4036344014,POS
2025-04-08,2025-04-08,VERIZON WIRELESS,Phone,Debit,-188.45,40244.47,,FCB1996296206,ACH
2025-04-09,2025-04-09,RURAL KING,Retail,Debit,-164.79,40079.68,,FCB2798911799,POS
2025-04-11,2025-04-11,ACH MCCRACKEN CO SCHOOLS — PAYROLL,Payroll,Credit,1050.47,41130.15,,FCB1981709639,ACH
2025-04-12,2025-04-12,DOLLAR GENERAL,Retail,Debit,-34.82,41095.33,,FCB3832883223,POS
2025-04-12,2025-04-12,SAVE-A-LOT,Groceries,Debit,-78.58,41016.75,,FCB5144232120,POS
2025-04-12,2025-04-12,WEST KY RECC — HOME ELECTRIC,Home utilities,Debit,-184.18,40832.57,,FCB2762744808,ACH
2025-04-13,2025-04-13,CIRCLE K,Auto fuel,Debit,-65.07,40767.50,,FCB9537140896,POS
2025-04-15,2025-04-15,EFTPS US TREASURY — FEDERAL ESTIMATED TAX,Estimated tax,Debit,-2600.00,38167.50,,FCB1594017542,ACH
2025-04-15,2025-04-15,SHELL PADUCAH,Auto fuel,Debit,-50.85,38116.65,,FCB3128063821,POS
2025-04-16,2025-04-16,WEST KY RECC / PROPANE — FARM,Farm expense,Debit,-503.54,37613.11,,FCB5844405561,ACH
2025-04-17,2025-04-17,WALMART SUPERCENTER,Groceries,Debit,-137.65,37475.46,,FCB7016592865,POS
2025-04-18,2025-04-18,HELENA AGRI — CROP PROTECTION,Farm expense,Debit,-3944.71,33530.75,,FCB1386069299,POS
2025-04-21,2025-04-21,ALDI PADUCAH,Groceries,Debit,-219.42,33311.33,,FCB6824835130,POS
2025-04-21,2025-04-21,SHELL PADUCAH,Auto fuel,Debit,-61.82,33249.51,,FCB8831558885,POS
2025-04-22,2025-04-22,PADUCAH WATER / MEDIACOM INTERNET,Home utilities,Debit,-137.14,33112.37,,FCB8805121484,ACH
2025-04-23,2025-04-23,DOLLAR GENERAL,Retail,Debit,-84.82,33027.55,,FCB3218021919,POS
2025-04-25,2025-04-25,ACH MCCRACKEN CO SCHOOLS — PAYROLL,Payroll,Credit,1050.47,34078.02,,FCB8435212383,ACH
2025-04-25,2025-04-25,OWNER DRAW / ATM — HARTWELL FAMILY,Owner draw,Debit,-1020.87,33057.15,,FCB5608934009,ATM
2025-04-26,2025-04-26,TRI-STATE EQUIPMENT — REPAIR/PARTS,Farm expense,Debit,-2083.08,30974.07,,FCB5146270106,POS
2025-04-27,2025-04-27,KROGER PADUCAH,Groceries,Debit,-100.67,30873.40,,FCB5048677674,POS
2025-04-28,2025-04-28,FARM LABOR PAYROLL — HIRED HELP,Farm expense,Debit,-1475.54,29397.86,,FCB6391920998,ACH
2025-05-01,2025-05-01,ACH PADUCAH BANK — MORTGAGE PMT,Mortgage,Debit,-585.00,28812.86,,FCB7667084410,ACH
2025-05-01,2025-05-01,FARM BUREAU INSURANCE — PREMIUM,Farm expense,Debit,-2435.14,26377.72,,FCB7941542363,ACH
2025-05-01,2025-05-01,WALMART SUPERCENTER,Groceries,Debit,-85.99,26291.73,,FCB8494620772,POS
2025-05-02,2025-05-02,OPERATING LINE — INTEREST CHARGE,Interest,Debit,-506.46,25785.27,,FCB4342319905,FEE
2025-05-03,2025-05-03,OPERATING LINE ADVANCE,LOC advance,Credit,9000.00,34785.27,,FCB5603372094,ACH
2025-05-05,2025-05-05,ACH FARM CREDIT MID-AMERICA — EQUIP LOAN,Loan payment,Debit,-1145.74,33639.53,,FCB3113172082,ACH
2025-05-05,2025-05-05,FARM TRUCK FUEL & UPKEEP,Farm expense,Debit,-1157.32,32482.21,,FCB2895972842,POS
2025-05-05,2025-05-05,NETFLIX / DISNEY+ / SPOTIFY,Subscriptions,Debit,-46.97,32435.24,,FCB7380047361,ACH
2025-05-06,2025-05-06,VENMO — CALEB (COLLEGE SPENDING),College,Debit,-267.50,32167.74,,FCB6122218254,ACH
2025-05-08,2025-05-08,SAVE-A-LOT,Groceries,Debit,-87.21,32080.53,,FCB2512381053,POS
2025-05-08,2025-05-08,VERIZON WIRELESS,Phone,Debit,-188.45,31892.08,,FCB3718068833,ACH
2025-05-09,2025-05-09,ACH MCCRACKEN CO SCHOOLS — PAYROLL,Payroll,Credit,1050.47,32942.55,,FCB5194105780,ACH
2025-05-09,2025-05-09,SOUTHERN STATES CO-OP — FERTILIZER/LIME,Farm expense,Debit,-8021.18,24921.37,,FCB3494338861,POS
2025-05-11,2025-05-11,CIRCLE K,Auto fuel,Debit,-70.58,24850.79,,FCB4442201239,POS
2025-05-12,2025-05-12,RURAL KING,Retail,Debit,-155.52,24695.27,,FCB6853310702,POS
2025-05-12,2025-05-12,WALMART SUPERCENTER,Groceries,Debit,-93.78,24601.49,,FCB3423086772,POS
2025-05-12,2025-05-12,WEST KY RECC — HOME ELECTRIC,Home utilities,Debit,-201.08,24400.41,,FCB7335840353,ACH
2025-05-13,2025-05-13,LOWE'S PADUCAH,Retail,Debit,-144.57,24255.84,,FCB2178433763,POS
2025-05-13,2025-05-13,MARATHON OAK LEVEL,Auto fuel,Debit,-40.57,24215.27,,FCB4367294253,POS
2025-05-14,2025-05-14,DOLLAR GENERAL,Retail,Debit,-55.12,24160.15,,FCB6730902436,POS
2025-05-15,2025-05-15,ACH USDA FSA — AG PROGRAM PAYMENT,Farm income,Credit,7200.00,31360.15,,FCB9114137298,DEP
2025-05-16,2025-05-16,ALDI PADUCAH,Groceries,Debit,-105.68,31254.47,,FCB3524233274,POS
2025-05-16,2025-05-16,HUCK'S #21,Auto fuel,Debit,-52.77,31201.70,,FCB9964725309,POS
2025-05-16,2025-05-16,WEST KY RECC / PROPANE — FARM,Farm expense,Debit,-405.44,30796.26,,FCB9671633852,ACH
2025-05-18,2025-05-18,TRACTOR SUPPLY CO,Retail,Debit,-64.21,30732.05,,FCB6979072031,POS
2025-05-22,2025-05-22,CIRCLE K,Auto fuel,Debit,-46.36,30685.69,,FCB5249967659,POS
2025-05-22,2025-05-22,PADUCAH WATER / MEDIACOM INTERNET,Home utilities,Debit,-161.74,30523.95,,FCB2987979782,ACH
2025-05-22,2025-05-22,SOUTHERN STATES CO-OP — SEED,Farm expense,Debit,-5086.86,25437.09,,FCB3975461581,POS
2025-05-23,2025-05-23,ACH MCCRACKEN CO SCHOOLS — PAYROLL,Payroll,Credit,1050.47,26487.56,,FCB5278608613,ACH
2025-05-23,2025-05-23,HUCK'S #21,Auto fuel,Debit,-59.06,26428.50,,FCB3074271993,POS
2025-05-24,2025-05-24,SAVE-A-LOT,Groceries,Debit,-72.61,26355.89,,FCB8044338818,POS
2025-05-25,2025-05-25,CIRCLE K,Auto fuel,Debit,-51.33,26304.56,,FCB7230927215,POS
2025-05-25,2025-05-25,OWNER DRAW / ATM — HARTWELL FAMILY,Owner draw,Debit,-1020.87,25283.69,,FCB3375919530,ATM
2025-05-27,2025-05-27,CIRCLE K,Auto fuel,Debit,-66.66,25217.03,,FCB9584463420,POS
2025-05-27,2025-05-27,SAVE-A-LOT,Groceries,Debit,-180.50,25036.53,,FCB6016090444,POS
2025-05-27,2025-05-27,SHELL PADUCAH,Auto fuel,Debit,-53.81,24982.72,,FCB9582754799,POS
2025-05-28,2025-05-28,TRI-COUNTY FARM FUELS — BULK DELIVERY,Fuel,Debit,-1893.45,23089.27,,FCB7694423151,ACH
2025-06-01,2025-06-01,ACH PADUCAH BANK — MORTGAGE PMT,Mortgage,Debit,-585.00,22504.27,,FCB8206319102,ACH
2025-06-02,2025-06-02,OPERATING LINE — INTEREST CHARGE,Interest,Debit,-548.96,21955.31,,FCB5097959992,FEE
2025-06-03,2025-06-03,KROGER PADUCAH,Groceries,Debit,-189.67,21765.64,,FCB9943774342,POS
2025-06-03,2025-06-03,OPERATING LINE ADVANCE,LOC advance,Credit,3000.00,24765.64,,FCB2006660403,ACH
2025-06-03,2025-06-03,SHELL PADUCAH,Auto fuel,Debit,-48.82,24716.82,,FCB4687927022,POS
2025-06-04,2025-06-04,DOLLAR GENERAL,Retail,Debit,-54.70,24662.12,,FCB4345412865,POS
2025-06-05,2025-06-05,ACH FARM CREDIT MID-AMERICA — EQUIP LOAN,Loan payment,Debit,-1145.74,23516.38,,FCB7579541467,ACH
2025-06-05,2025-06-05,NETFLIX / DISNEY+ / SPOTIFY,Subscriptions,Debit,-46.97,23469.41,,FCB9289443527,ACH
2025-06-05,2025-06-05,NRCS COST-SHARE CONSERVATION,Farm expense,Debit,-1200.00,22269.41,,FCB2804292113,POS
2025-06-06,2025-06-06,ACH MCCRACKEN CO SCHOOLS — PAYROLL,Payroll,Credit,1050.47,23319.88,,FCB8505078799,ACH
2025-06-06,2025-06-06,VENMO — CALEB (COLLEGE SPENDING),College,Debit,-255.95,23063.93,,FCB9744176729,ACH
2025-06-06,2025-06-06,WALMART SUPERCENTER,Groceries,Debit,-172.48,22891.45,,FCB5446625853,POS
2025-06-08,2025-06-08,VERIZON WIRELESS,Phone,Debit,-188.45,22703.00,,FCB5603917175,ACH
2025-06-09,2025-06-09,TRI-STATE EQUIPMENT — REPAIR/PARTS,Farm expense,Debit,-2361.96,20341.04,,FCB1555407169,POS
2025-06-09,2025-06-09,TRI-STATE EQUIPMENT — REPAIR/PARTS (DUP),Farm expense,Debit,-2240.00,18101.04,,FCB3626079524,POS
2025-06-11,2025-06-11,REVERSAL — TRI-STATE EQUIP (DUPLICATE),Adjustment,Credit,2240.00,20341.04,,FCB9656683567,ADJ
2025-06-11,2025-06-11,WALMART SUPERCENTER,Groceries,Debit,-203.02,20138.02,,FCB7249569089,POS
2025-06-12,2025-06-12,WEST KY RECC — HOME ELECTRIC,Home utilities,Debit,-235.00,19903.02,,FCB6256490147,ACH
2025-06-13,2025-06-13,HELENA AGRI — CROP PROTECTION,Farm expense,Debit,-3955.29,15947.73,,FCB9217919745,POS
2025-06-15,2025-06-15,OAK LEVEL CO-OP FUEL STOP,Fuel,Debit,-1186.00,14761.73,,FCB7613335450,POS
2025-06-16,2025-06-16,ALDI PADUCAH,Groceries,Debit,-141.10,14620.63,,FCB4223436257,POS
2025-06-16,2025-06-16,EFTPS US TREASURY — FEDERAL ESTIMATED TAX,Estimated tax,Debit,-2600.00,12020.63,,FCB7451273218,ACH
2025-06-16,2025-06-16,WEST KY RECC / PROPANE — FARM,Farm expense,Debit,-525.68,11494.95,,FCB5046899079,ACH
2025-06-17,2025-06-17,CIRCLE K,Auto fuel,Debit,-41.12,11453.83,,FCB6357509592,POS
2025-06-18,2025-06-18,LOWE'S PADUCAH,Retail,Debit,-28.24,11425.59,,FCB5927968762,POS
2025-06-20,2025-06-20,ACH MCCRACKEN CO SCHOOLS — PAYROLL,Payroll,Credit,1050.47,12476.06,,FCB4844163456,ACH
2025-06-20,2025-06-20,AG CUSTOM SERVICES LLC,Farm expense,Debit,-3243.94,9232.12,,FCB6133795413,POS
2025-06-20,2025-06-20,BAPTIST HEALTH PADUCAH,Health,Debit,-106.83,9125.29,,FCB7245970037,POS
2025-06-20,2025-06-20,MARATHON OAK LEVEL,Auto fuel,Debit,-53.89,9071.40,,FCB9124775072,POS
2025-06-22,2025-06-22,KROGER PADUCAH,Groceries,Debit,-170.35,8901.05,,FCB9112453511,POS
2025-06-22,2025-06-22,PADUCAH WATER / MEDIACOM INTERNET,Home utilities,Debit,-135.35,8765.70,,FCB2366076914,ACH
2025-06-22,2025-06-22,TRACTOR SUPPLY CO,Retail,Debit,-45.68,8720.02,,FCB3379619343,POS
2025-06-25,2025-06-25,OWNER DRAW / ATM — HARTWELL FAMILY,Owner draw,Debit,-1020.87,7699.15,,FCB2524955136,ATM
2025-06-27,2025-06-27,DEPOSIT CUSTOM HARVEST — NEIGHBOR ACCT,Farm income,Credit,3800.00,11499.15,,FCB6131616715,DEP
2025-06-28,2025-06-28,FARM LABOR PAYROLL — HIRED HELP,Farm expense,Debit,-1831.39,9667.76,,FCB6174561943,ACH
2025-06-29,2025-06-29,KROGER PADUCAH,Groceries,Debit,-96.74,9571.02,,FCB5606113117,POS
2025-07-01,2025-07-01,ACH PADUCAH BANK — MORTGAGE PMT,Mortgage,Debit,-585.00,8986.02,,FCB3827205277,ACH
2025-07-02,2025-07-02,CVS PHARMACY,Health,Debit,-205.22,8780.80,,FCB2259445081,POS
2025-07-02,2025-07-02,OPERATING LINE — INTEREST CHARGE,Interest,Debit,-517.08,8263.72,,FCB8030089354,FEE
2025-07-03,2025-07-03,SAVE-A-LOT,Groceries,Debit,-191.90,8071.82,,FCB1609847132,POS
2025-07-04,2025-07-04,ACH MCCRACKEN CO SCHOOLS — PAYROLL,Payroll,Credit,1050.47,9122.29,,FCB1339289295,ACH
2025-07-05,2025-07-05,ACH FARM CREDIT MID-AMERICA — EQUIP LOAN,Loan payment,Debit,-1145.74,7976.55,,FCB5744056623,ACH
2025-07-05,2025-07-05,NETFLIX / DISNEY+ / SPOTIFY,Subscriptions,Debit,-46.97,7929.58,,FCB9796358989,ACH
2025-07-06,2025-07-06,VENMO — CALEB (COLLEGE SPENDING),College,Debit,-283.71,7645.87,,FCB3219731942,ACH
2025-07-07,2025-07-07,ALDI PADUCAH,Groceries,Debit,-211.31,7434.56,,FCB9900177388,POS
2025-07-08,2025-07-08,VERIZON WIRELESS,Phone,Debit,-188.45,7246.11,,FCB3132160238,ACH
2025-07-09,2025-07-09,DEPOSIT BLUEGRASS GRAIN ELEVATOR — WHEAT,Farm income,Credit,21850.00,29096.11,,FCB8509186303,DEP
2025-07-12,2025-07-12,WEST KY RECC — HOME ELECTRIC,Home utilities,Debit,-186.30,28909.81,,FCB4330852737,ACH
2025-07-14,2025-07-14,KROGER PADUCAH,Groceries,Debit,-93.73,28816.08,,FCB3535668617,POS
2025-07-15,2025-07-15,FARM & HOME SUPPLY,Farm expense,Debit,-2518.29,26297.79,,FCB6912869329,POS
2025-07-16,2025-07-16,WEST KY RECC / PROPANE — FARM,Farm expense,Debit,-462.97,25834.82,,FCB1884563405,ACH
2025-07-17,2025-07-17,WALMART SUPERCENTER,Groceries,Debit,-176.96,25657.86,,FCB5241915929,POS
2025-07-18,2025-07-18,ACH MCCRACKEN CO SCHOOLS — PAYROLL,Payroll,Credit,1050.47,26708.33,,FCB1429962686,ACH
2025-07-20,2025-07-20,OPERATING LINE — PRINCIPAL PAYMENT,LOC paydown,Debit,-12000.00,14708.33,,FCB6931750704,ACH
2025-07-21,2025-07-21,CVS PHARMACY,Health,Debit,-64.70,14643.63,,FCB4690624365,POS
2025-07-22,2025-07-22,PADUCAH WATER / MEDIACOM INTERNET,Home utilities,Debit,-167.95,14475.68,,FCB6149494033,ACH
2025-07-24,2025-07-24,KROGER PADUCAH,Groceries,Debit,-193.60,14282.08,,FCB8788840598,POS
2025-07-25,2025-07-25,OWNER DRAW / ATM — HARTWELL FAMILY,Owner draw,Debit,-1020.87,13261.21,,FCB5314560103,ATM
2025-07-25,2025-07-25,TRI-COUNTY FARM FUELS — BULK DELIVERY,Fuel,Debit,-1593.33,11667.88,,FCB9685674083,ACH
2025-07-28,2025-07-28,MONTHLY SERVICE FEE,Bank fee,Debit,-12.00,11655.88,,FCB7212098814,FEE
2025-07-29,2025-07-29,ALDI PADUCAH,Groceries,Debit,-160.03,11495.85,,FCB9321120843,POS
2025-08-01,2025-08-01,ACH MCCRACKEN CO SCHOOLS — PAYROLL,Payroll,Credit,1050.47,12546.32,,FCB6188716037,ACH
2025-08-01,2025-08-01,ACH PADUCAH BANK — MORTGAGE PMT,Mortgage,Debit,-585.00,11961.32,,FCB7833756782,ACH
2025-08-02,2025-08-02,KROGER PADUCAH,Groceries,Debit,-120.98,11840.34,,FCB1970868552,POS
2025-08-02,2025-08-02,OPERATING LINE — INTEREST CHARGE,Interest,Debit,-446.25,11394.09,,FCB1008055619,FEE
2025-08-04,2025-08-04,ACH GREAT AMERICAN — CROP INSURANCE PROCEEDS,Farm income,Credit,4200.00,15594.09,,FCB4903258557,DEP
2025-08-05,2025-08-05,ACH FARM CREDIT MID-AMERICA — EQUIP LOAN,Loan payment,Debit,-1145.74,14448.35,,FCB8505654998,ACH
2025-08-05,2025-08-05,BAPTIST HEALTH PADUCAH,Health,Debit,-31.94,14416.41,,FCB6715445783,POS
2025-08-05,2025-08-05,HUCK'S #21,Auto fuel,Debit,-50.33,14366.08,,FCB6297075697,POS
2025-08-05,2025-08-05,NETFLIX / DISNEY+ / SPOTIFY,Subscriptions,Debit,-46.97,14319.11,,FCB8990151866,ACH
2025-08-06,2025-08-06,VENMO — CALEB (COLLEGE SPENDING),College,Debit,-279.86,14039.25,,FCB2777566071,ACH
2025-08-07,2025-08-07,ALDI PADUCAH,Groceries,Debit,-215.14,13824.11,,FCB1224086630,POS
2025-08-07,2025-08-07,CIRCLE K,Auto fuel,Debit,-70.28,13753.83,,FCB6080694102,POS
2025-08-07,2025-08-07,HUCK'S #21,Auto fuel,Debit,-55.38,13698.45,,FCB4815845985,POS
2025-08-08,2025-08-08,VERIZON WIRELESS,Phone,Debit,-188.45,13510.00,,FCB9584307980,ACH
2025-08-12,2025-08-12,WEST KY RECC — HOME ELECTRIC,Home utilities,Debit,-210.84,13299.16,,FCB3820045366,ACH
2025-08-13,2025-08-13,KROGER PADUCAH,Groceries,Debit,-141.88,13157.28,,FCB3837624839,POS
2025-08-15,2025-08-15,ACH MCCRACKEN CO SCHOOLS — PAYROLL,Payroll,Credit,1050.47,14207.75,,FCB3571235779,ACH
2025-08-16,2025-08-16,WEST KY RECC / PROPANE — FARM,Farm expense,Debit,-324.18,13883.57,,FCB2798881025,ACH
2025-08-18,2025-08-18,ALDI PADUCAH,Groceries,Debit,-135.62,13747.95,,FCB8350150813,POS
2025-08-18,2025-08-18,MARATHON OAK LEVEL,Auto fuel,Debit,-73.96,13673.99,,FCB9831883473,POS
2025-08-18,2025-08-18,MURRAY STATE UNIV — BURSAR TUITION,College,Debit,-4180.00,9493.99,,FCB7223667846,ACH
2025-08-19,2025-08-19,DOLLAR GENERAL,Retail,Debit,-167.59,9326.40,,FCB5927059761,POS
2025-08-19,2025-08-19,HUCK'S #21,Auto fuel,Debit,-69.16,9257.24,,FCB7779890278,POS
2025-08-20,2025-08-20,MURRAY STATE — HOUSING/MEAL PLAN,College,Debit,-3250.00,6007.24,,FCB7634317460,ACH
2025-08-20,2025-08-20,OPERATING LINE — PRINCIPAL PAYMENT,LOC paydown,Debit,-8000.00,-1992.76,,FCB8887056703,ACH
2025-08-22,2025-08-22,PADUCAH WATER / MEDIACOM INTERNET,Home utilities,Debit,-179.97,-2172.73,,FCB9304416659,ACH
2025-08-22,2025-08-22,SHELL PADUCAH,Auto fuel,Debit,-38.81,-2211.54,,FCB1835883443,POS
2025-08-23,2025-08-23,LOWE'S PADUCAH,Retail,Debit,-164.41,-2375.95,,FCB9320096077,POS
2025-08-24,2025-08-24,SAVE-A-LOT,Groceries,Debit,-157.42,-2533.37,,FCB9118863013,POS
2025-08-25,2025-08-25,OWNER DRAW / ATM — HARTWELL FAMILY,Owner draw,Debit,-1020.87,-3554.24,,FCB9081896103,ATM
2025-08-28,2025-08-28,FARM LABOR PAYROLL — HIRED HELP,Farm expense,Debit,-2529.16,-6083.40,,FCB6548458401,ACH
2025-08-28,2025-08-28,WALMART SUPERCENTER,Groceries,Debit,-84.28,-6167.68,,FCB6266485626,POS
2025-08-29,2025-08-29,ACH MCCRACKEN CO SCHOOLS — PAYROLL,Payroll,Credit,1050.47,-5117.21,,FCB1343441671,ACH
2025-08-30,2025-08-30,TRI-STATE EQUIPMENT — REPAIR/PARTS,Farm expense,Debit,-2472.23,-7589.44,,FCB6829721630,POS
2025-09-01,2025-09-01,ACH PADUCAH BANK — MORTGAGE PMT,Mortgage,Debit,-585.00,-8174.44,,FCB9262144007,ACH
2025-09-01,2025-09-01,CVS PHARMACY,Health,Debit,-47.44,-8221.88,,FCB2780002237,POS
2025-09-01,2025-09-01,WESTERN KY EQUIPMENT RENTAL,Farm expense,Debit,-2353.05,-10574.93,,FCB4566361791,POS
2025-09-02,2025-09-02,OPERATING LINE — INTEREST CHARGE,Interest,Debit,-354.17,-10929.10,,FCB8767683061,FEE
2025-09-03,2025-09-03,OAK LEVEL VETERINARY CLINIC,Farm expense,Debit,-1848.24,-12777.34,,FCB9288543689,POS
2025-09-04,2025-09-04,CIRCLE K,Auto fuel,Debit,-64.25,-12841.59,,FCB4741394700,POS
2025-09-04,2025-09-04,SAVE-A-LOT,Groceries,Debit,-104.24,-12945.83,,FCB9394514115,POS
2025-09-05,2025-09-05,ACH FARM CREDIT MID-AMERICA — EQUIP LOAN,Loan payment,Debit,-1145.74,-14091.57,,FCB2073996007,ACH
2025-09-05,2025-09-05,LOWE'S PADUCAH,Retail,Debit,-157.60,-14249.17,,FCB6450980901,POS
2025-09-05,2025-09-05,NETFLIX / DISNEY+ / SPOTIFY,Subscriptions,Debit,-46.97,-14296.14,,FCB4477917043,ACH
2025-09-06,2025-09-06,LOWE'S PADUCAH,Retail,Debit,-40.23,-14336.37,,FCB7130195585,POS
2025-09-06,2025-09-06,VENMO — CALEB (COLLEGE SPENDING),College,Debit,-192.77,-14529.14,,FCB2809436487,ACH
2025-09-07,2025-09-07,DOLLAR GENERAL,Retail,Debit,-70.05,-14599.19,,FCB7318681120,POS
2025-09-08,2025-09-08,KROGER PADUCAH,Groceries,Debit,-104.68,-14703.87,,FCB9096344724,POS
2025-09-08,2025-09-08,VERIZON WIRELESS,Phone,Debit,-188.45,-14892.32,,FCB3654658566,ACH
2025-09-11,2025-09-11,CVS PHARMACY,Health,Debit,-102.47,-14994.79,,FCB2939945063,POS
2025-09-12,2025-09-12,ACH MCCRACKEN CO SCHOOLS — PAYROLL,Payroll,Credit,1050.47,-13944.32,,FCB3778234387,ACH
2025-09-12,2025-09-12,BLUEGRASS FEED & SUPPLY,Farm expense,Debit,-3507.78,-17452.10,,FCB2548826597,POS
2025-09-12,2025-09-12,WEST KY RECC — HOME ELECTRIC,Home utilities,Debit,-245.74,-17697.84,,FCB3842288032,ACH
2025-09-13,2025-09-13,SAVE-A-LOT,Groceries,Debit,-88.91,-17786.75,,FCB1124575670,POS
2025-09-14,2025-09-14,LOWE'S PADUCAH,Retail,Debit,-148.49,-17935.24,,FCB9681637565,POS
2025-09-15,2025-09-15,EFTPS US TREASURY — FEDERAL ESTIMATED TAX,Estimated tax,Debit,-2600.00,-20535.24,,FCB6328404498,ACH
2025-09-15,2025-09-15,SHELL PADUCAH,Auto fuel,Debit,-42.54,-20577.78,,FCB9712278268,POS
2025-09-16,2025-09-16,WEST KY RECC / PROPANE — FARM,Farm expense,Debit,-304.67,-20882.45,,FCB1858108540,ACH
2025-09-19,2025-09-19,WALMART SUPERCENTER,Groceries,Debit,-95.92,-20978.37,,FCB2375511865,POS
2025-09-20,2025-09-20,CIRCLE K,Auto fuel,Debit,-56.60,-21034.97,,FCB4111074620,POS
2025-09-20,2025-09-20,OPERATING LINE — PRINCIPAL PAYMENT,LOC paydown,Debit,-18000.00,-39034.97,,FCB1575894388,ACH
2025-09-22,2025-09-22,PADUCAH WATER / MEDIACOM INTERNET,Home utilities,Debit,-159.38,-39194.35,,FCB4337983133,ACH
2025-09-22,2025-09-22,WALMART SUPERCENTER,Groceries,Debit,-172.44,-39366.79,,FCB8152983430,POS
2025-09-24,2025-09-24,AMAZON.COM,Retail,Debit,-128.01,-39494.80,,FCB3267141780,POS
2025-09-25,2025-09-25,CVS PHARMACY,Health,Debit,-150.70,-39645.50,,FCB3112777574,POS
2025-09-25,2025-09-25,OWNER DRAW / ATM — HARTWELL FAMILY,Owner draw,Debit,-1020.87,-40666.37,,FCB5000146625,ATM
2025-09-26,2025-09-26,ACH MCCRACKEN CO SCHOOLS — PAYROLL,Payroll,Credit,1050.47,-39615.90,,FCB7771674045,ACH
2025-09-26,2025-09-26,DEPOSIT BLUEGRASS GRAIN ELEVATOR — SOYBEAN,Farm income,Credit,41200.00,1584.10,,FCB8405990545,DEP
2025-09-27,2025-09-27,WALGREENS PHARMACY,Health,Debit,-96.08,1488.02,,FCB1574546598,POS
2025-09-29,2025-09-29,ALDI PADUCAH,Groceries,Debit,-129.80,1358.22,,FCB5610770761,POS
2025-09-29,2025-09-29,TRI-COUNTY FARM FUELS — BULK DELIVERY,Fuel,Debit,-2462.39,-1104.17,,FCB1850724429,ACH
2025-10-01,2025-10-01,ACH PADUCAH BANK — MORTGAGE PMT,Mortgage,Debit,-585.00,-1689.17,,FCB8759908692,ACH
2025-10-01,2025-10-01,R. MAYFIELD — CROPLAND CASH RENT,Farm expense,Debit,-3718.60,-5407.77,1960,FCB4413848125,CHECK
2025-10-02,2025-10-02,OPERATING LINE — INTEREST CHARGE,Interest,Debit,-233.75,-5641.52,,FCB4026199548,FEE
2025-10-04,2025-10-04,KROGER PADUCAH,Groceries,Debit,-134.35,-5775.87,,FCB8593190952,POS
2025-10-05,2025-10-05,ACH FARM CREDIT MID-AMERICA — EQUIP LOAN,Loan payment,Debit,-1145.74,-6921.61,,FCB2196567590,ACH
2025-10-05,2025-10-05,NETFLIX / DISNEY+ / SPOTIFY,Subscriptions,Debit,-46.97,-6968.58,,FCB1765894845,ACH
2025-10-06,2025-10-06,VENMO — CALEB (COLLEGE SPENDING),College,Debit,-281.45,-7250.03,,FCB4976087370,ACH
2025-10-08,2025-10-08,SHELL PADUCAH,Auto fuel,Debit,-62.17,-7312.20,,FCB9689571130,POS
2025-10-08,2025-10-08,TRI-STATE EQUIPMENT — REPAIR/PARTS,Farm expense,Debit,-2141.74,-9453.94,,FCB9189222506,POS
2025-10-08,2025-10-08,VERIZON WIRELESS,Phone,Debit,-188.45,-9642.39,,FCB2181228684,ACH
2025-10-10,2025-10-10,ACH MCCRACKEN CO SCHOOLS — PAYROLL,Payroll,Credit,1050.47,-8591.92,,FCB5302344758,ACH
2025-10-10,2025-10-10,WALMART SUPERCENTER,Groceries,Debit,-116.89,-8708.81,,FCB4047844843,POS
2025-10-11,2025-10-11,CIRCLE K,Auto fuel,Debit,-67.27,-8776.08,,FCB2604020301,POS
2025-10-12,2025-10-12,WEST KY RECC — HOME ELECTRIC,Home utilities,Debit,-171.78,-8947.86,,FCB8243865603,ACH
2025-10-13,2025-10-13,ALDI PADUCAH,Groceries,Debit,-128.84,-9076.70,,FCB3689032351,POS
2025-10-13,2025-10-13,MARATHON OAK LEVEL,Auto fuel,Debit,-72.24,-9148.94,,FCB2269654622,POS
2025-10-16,2025-10-16,CIRCLE K,Auto fuel,Debit,-47.95,-9196.89,,FCB8293007544,POS
2025-10-16,2025-10-16,TRACTOR SUPPLY CO,Retail,Debit,-130.09,-9326.98,,FCB1196720142,POS
2025-10-16,2025-10-16,WEST KY RECC / PROPANE — FARM,Farm expense,Debit,-341.66,-9668.64,,FCB9036586119,ACH
2025-10-17,2025-10-17,DEPOSIT BLUEGRASS GRAIN ELEVATOR — CORN,Farm income,Credit,47600.00,37931.36,,FCB3759325697,DEP
2025-10-19,2025-10-19,WESTERN KY TRUCKING — GRAIN HAUL,Farm expense,Debit,-1900.00,36031.36,,FCB7960819299,ACH
2025-10-20,2025-10-20,ALDI PADUCAH,Groceries,Debit,-203.04,35828.32,,FCB6726710825,POS
2025-10-20,2025-10-20,OPERATING LINE — PRINCIPAL PAYMENT,LOC paydown,Debit,-16000.00,19828.32,,FCB2575576920,ACH
2025-10-22,2025-10-22,AG CUSTOM SERVICES LLC,Farm expense,Debit,-3556.06,16272.26,,FCB5703617771,POS
2025-10-22,2025-10-22,PADUCAH WATER / MEDIACOM INTERNET,Home utilities,Debit,-130.77,16141.49,,FCB2692367840,ACH
2025-10-24,2025-10-24,ACH MCCRACKEN CO SCHOOLS — PAYROLL,Payroll,Credit,1050.47,17191.96,,FCB2870805018,ACH
2025-10-24,2025-10-24,WALMART SUPERCENTER,Groceries,Debit,-212.76,16979.20,,FCB7965932977,POS
2025-10-25,2025-10-25,BLUEGRASS GRAIN — STORAGE,Farm expense,Debit,-1400.00,15579.20,,FCB7573276441,POS
2025-10-25,2025-10-25,OWNER DRAW / ATM — HARTWELL FAMILY,Owner draw,Debit,-1020.87,14558.33,,FCB8129166515,ATM
2025-10-27,2025-10-27,BAPTIST HEALTH PADUCAH,Health,Debit,-152.83,14405.50,,FCB9898165929,POS
2025-10-28,2025-10-28,FARM LABOR PAYROLL — HIRED HELP,Farm expense,Debit,-1163.91,13241.59,,FCB4294272142,ACH
2025-10-29,2025-10-29,ALDI PADUCAH,Groceries,Debit,-142.49,13099.10,,FCB8974486917,POS
2025-11-01,2025-11-01,ACH PADUCAH BANK — MORTGAGE PMT,Mortgage,Debit,-585.00,12514.10,,FCB7138091614,ACH
2025-11-01,2025-11-01,FARM BUREAU INSURANCE — PREMIUM,Farm expense,Debit,-3964.86,8549.24,,FCB8095936553,ACH
2025-11-02,2025-11-02,OPERATING LINE — INTEREST CHARGE,Interest,Debit,-198.33,8350.91,,FCB7987921848,FEE
2025-11-03,2025-11-03,OPERATING LINE ADVANCE,LOC advance,Credit,6000.00,14350.91,,FCB5661350126,ACH
2025-11-04,2025-11-04,KROGER PADUCAH,Groceries,Debit,-213.00,14137.91,,FCB9842383437,POS
2025-11-05,2025-11-05,ACH FARM CREDIT MID-AMERICA — EQUIP LOAN,Loan payment,Debit,-1145.74,12992.17,,FCB4033982600,ACH
2025-11-05,2025-11-05,FARM TRUCK FUEL & UPKEEP,Farm expense,Debit,-2042.68,10949.49,,FCB6044966908,POS
2025-11-05,2025-11-05,NETFLIX / DISNEY+ / SPOTIFY,Subscriptions,Debit,-46.97,10902.52,,FCB8099948292,ACH
2025-11-06,2025-11-06,VENMO — CALEB (COLLEGE SPENDING),College,Debit,-308.25,10594.27,,FCB9132893130,ACH
2025-11-07,2025-11-07,ACH MCCRACKEN CO SCHOOLS — PAYROLL,Payroll,Credit,1050.47,11644.74,,FCB2827741573,ACH
2025-11-07,2025-11-07,DEPOSIT TRI-RIVERS LIVESTOCK AUCTION — CATTLE,Farm income,Credit,11160.00,22804.74,,FCB4867398331,DEP
2025-11-08,2025-11-08,KROGER PADUCAH,Groceries,Debit,-204.36,22600.38,,FCB2252189970,POS
2025-11-08,2025-11-08,VERIZON WIRELESS,Phone,Debit,-188.45,22411.93,,FCB2251123428,ACH
2025-11-12,2025-11-12,WEST KY RECC — HOME ELECTRIC,Home utilities,Debit,-152.59,22259.34,,FCB5912964969,ACH
2025-11-14,2025-11-14,CVS PHARMACY,Health,Debit,-104.82,22154.52,,FCB8364192345,POS
2025-11-14,2025-11-14,SAVE-A-LOT,Groceries,Debit,-123.01,22031.51,,FCB8116518477,POS
2025-11-16,2025-11-16,WEST KY RECC / PROPANE — FARM,Farm expense,Debit,-358.84,21672.67,,FCB3318332439,ACH
2025-11-17,2025-11-17,DOLLAR GENERAL,Retail,Debit,-108.26,21564.41,,FCB7781207115,POS
2025-11-19,2025-11-19,SAVE-A-LOT,Groceries,Debit,-109.08,21455.33,,FCB7953794697,POS
2025-11-20,2025-11-20,MCCRACKEN CO SHERIFF — FARM PROP TAX,Farm expense,Debit,-5200.00,16255.33,,FCB7871324169,POS
2025-11-21,2025-11-21,ACH MCCRACKEN CO SCHOOLS — PAYROLL,Payroll,Credit,1050.47,17305.80,,FCB5358377861,ACH
2025-11-22,2025-11-22,HUCK'S #21,Auto fuel,Debit,-55.58,17250.22,,FCB9393403862,POS
2025-11-22,2025-11-22,PADUCAH WATER / MEDIACOM INTERNET,Home utilities,Debit,-125.32,17124.90,,FCB1217923115,ACH
2025-11-23,2025-11-23,ALDI PADUCAH,Groceries,Debit,-89.75,17035.15,,FCB2724034112,POS
2025-11-25,2025-11-25,OWNER DRAW / ATM — HARTWELL FAMILY,Owner draw,Debit,-1020.87,16014.28,,FCB8857709011,ATM
2025-11-25,2025-11-25,RURAL KING,Retail,Debit,-38.99,15975.29,,FCB9039427772,POS
2025-11-28,2025-11-28,MONTHLY SERVICE FEE,Bank fee,Debit,-12.00,15963.29,,FCB8789224750,FEE
2025-11-28,2025-11-28,TRI-COUNTY FARM FUELS — BULK DELIVERY,Fuel,Debit,-3049.43,12913.86,,FCB2573398915,ACH
2025-11-29,2025-11-29,KROGER PADUCAH,Groceries,Debit,-73.10,12840.76,,FCB9508332126,POS
2025-12-01,2025-12-01,ACH PADUCAH BANK — MORTGAGE PMT,Mortgage,Debit,-585.00,12255.76,,FCB4773618743,ACH
2025-12-02,2025-12-02,CIRCLE K,Auto fuel,Debit,-71.14,12184.62,,FCB6284803560,POS
2025-12-02,2025-12-02,LOWE'S PADUCAH,Retail,Debit,-83.59,12101.03,,FCB8180281599,POS
2025-12-02,2025-12-02,OPERATING LINE — INTEREST CHARGE,Interest,Debit,-212.50,11888.53,,FCB8800665544,FEE
2025-12-03,2025-12-03,DEPOSIT WEST KY HAY & FORAGE,Farm income,Credit,5740.00,17628.53,,FCB1761491178,DEP
2025-12-03,2025-12-03,MARATHON OAK LEVEL,Auto fuel,Debit,-65.54,17562.99,,FCB8576553567,POS
2025-12-04,2025-12-04,WALGREENS PHARMACY,Health,Debit,-157.14,17405.85,,FCB5766038319,POS
2025-12-05,2025-12-05,ACH FARM CREDIT MID-AMERICA — EQUIP LOAN,Loan payment,Debit,-1145.74,16260.11,,FCB6030548569,ACH
2025-12-05,2025-12-05,ACH MCCRACKEN CO SCHOOLS — PAYROLL,Payroll,Credit,1050.47,17310.58,,FCB3331944020,ACH
2025-12-05,2025-12-05,ALDI PADUCAH,Groceries,Debit,-106.06,17204.52,,FCB8059842447,POS
2025-12-05,2025-12-05,NETFLIX / DISNEY+ / SPOTIFY,Subscriptions,Debit,-46.97,17157.55,,FCB7703026032,ACH
2025-12-06,2025-12-06,LOWE'S PADUCAH,Retail,Debit,-129.57,17027.98,,FCB6260630182,POS
2025-12-06,2025-12-06,VENMO — CALEB (COLLEGE SPENDING),College,Debit,-307.84,16720.14,,FCB8657193033,ACH
2025-12-08,2025-12-08,VERIZON WIRELESS,Phone,Debit,-188.45,16531.69,,FCB5403269438,ACH
2025-12-08,2025-12-08,WALMART SUPERCENTER,Groceries,Debit,-128.04,16403.65,,FCB8948932875,POS
2025-12-11,2025-12-11,CVS PHARMACY,Health,Debit,-38.00,16365.65,,FCB5053831942,POS
2025-12-12,2025-12-12,WEST KY RECC — HOME ELECTRIC,Home utilities,Debit,-234.77,16130.88,,FCB6922744361,ACH
2025-12-14,2025-12-14,CIRCLE K,Auto fuel,Debit,-41.06,16089.82,,FCB9130989407,POS
2025-12-14,2025-12-14,KROGER PADUCAH,Groceries,Debit,-226.89,15862.93,,FCB1541277707,POS
2025-12-16,2025-12-16,MARATHON OAK LEVEL,Auto fuel,Debit,-38.52,15824.41,,FCB1774693699,POS
2025-12-16,2025-12-16,WEST KY RECC / PROPANE — FARM,Farm expense,Debit,-237.69,15586.72,,FCB2268220114,ACH
2025-12-19,2025-12-19,ACH MCCRACKEN CO SCHOOLS — PAYROLL,Payroll,Credit,1050.45,16637.17,,FCB2795521339,ACH
2025-12-19,2025-12-19,ALDI PADUCAH,Groceries,Debit,-216.29,16420.88,,FCB3420321674,POS
2025-12-19,2025-12-19,DEPOSIT SOUTHERN STATES CO-OP — PATRONAGE,Farm income,Credit,2300.00,18720.88,,FCB3156197613,DEP
2025-12-20,2025-12-20,OPERATING LINE — PRINCIPAL PAYMENT,LOC paydown,Debit,-2000.00,16720.88,,FCB1241636766,ACH
2025-12-22,2025-12-22,PADUCAH WATER / MEDIACOM INTERNET,Home utilities,Debit,-151.81,16569.07,,FCB3958237003,ACH
2025-12-25,2025-12-25,ALDI PADUCAH,Groceries,Debit,-108.18,16460.89,,FCB3819363596,POS
2025-12-25,2025-12-25,OWNER DRAW / ATM — HARTWELL FAMILY,Owner draw,Debit,-1020.89,15440.00,,FCB1771686144,ATM
2025-12-30,2025-12-30,EFTPS US TREASURY — FEDERAL ESTIMATED TAX,Estimated tax,Debit,-2600.00,12840.00,,FCB9474643216,ACH
