posting_date,transaction_date,description,merchant_category,type,amount,running_balance,check_number,reference_id,channel,location
2025-01-01,2025-01-01,ZELLE TO AKERMAN PROPERTIES  RENT,Rent,DEBIT,-2200.00,8020.54,,AC100001,ACH,Miami FL
2025-01-03,2025-01-03,ZELLE FROM J RIVERA,Transfer,CREDIT,1100.00,9120.54,,AC100002,ACH,Miami FL
2025-01-03,2025-01-02,WHOLE FOODS MKT BRICKELL #6168 CORAL GABLES FL,Groceries,DEBIT,-65.37,9055.17,,PO100003,POS,DORAL FL
2025-01-05,2025-01-04,NETFLIX.COM,Subscriptions,DEBIT,-15.99,9039.18,,PO100004,POS,Miami FL
2025-01-06,2025-01-05,Spotify USA,Subscriptions,DEBIT,-11.99,9027.19,,PO100005,POS,Miami FL
2025-01-06,2025-01-05,TRADER JOE'S #748 #4527 DORAL FL,Groceries,DEBIT,-91.28,8935.91,,PO100006,POS,MIAMI FL
2025-01-07,2025-01-06,OpenAI ChatGPT Plus,Subscriptions,DEBIT,-20.00,8915.91,,PO100007,POS,Miami FL
2025-01-08,2025-01-08,FPL ELECTRIC  AUTOPAY,Utilities,DEBIT,-128.44,8787.47,,AC100008,ACH,Miami FL
2025-01-08,2025-01-07,Apple iCloud+,Subscriptions,DEBIT,-2.99,8784.48,,PO100009,POS,Miami FL
2025-01-08,2025-01-07,WHOLE FOODS MKT BRICKELL #4811 WYNWOOD FL,Groceries,DEBIT,-18.94,8765.54,,PO100010,POS,WYNWOOD FL
2025-01-09,2025-01-09,XFINITY  INTERNET AUTOPAY,Utilities,DEBIT,-79.99,8685.55,,AC100011,ACH,Miami FL
2025-01-09,2025-01-08,NYTimes Digital,Subscriptions,DEBIT,-4.25,8681.30,,PO100012,POS,Miami FL
2025-01-09,2025-01-08,CHIPOTLE 2841 #5741 MIAMI FL,Restaurants,DEBIT,-22.68,8658.62,,PO100013,POS,BRICKELL FL
2025-01-09,2025-01-08,SHELL OIL 57544 #3677 CORAL GABLES FL,Gas & Transport,DEBIT,-136.45,8522.17,,PO100014,POS,CORAL GABLES FL
2025-01-10,2025-01-10,MIAMI-DADE WATER & SEWER,Utilities,DEBIT,-41.20,8480.97,,AC100015,ACH,Miami FL
2025-01-10,2025-01-09,IRON PARADISE GYM,Health & Fitness,DEBIT,-49.00,8431.97,,PO100016,POS,Miami FL
2025-01-10,2025-01-09,STARBUCKS STORE 119 #5012 BRICKELL FL,Restaurants,DEBIT,-17.83,8414.14,,PO100017,POS,BRICKELL FL
2025-01-10,2025-01-09,MIAMI PARKING AUTH #2169 WYNWOOD FL,Gas & Transport,DEBIT,-60.82,8353.32,,PO100018,POS,MIAMI BEACH FL
2025-01-12,2025-01-12,T-MOBILE  AUTOPAY,Utilities,DEBIT,-85.00,8268.32,,AC100019,ACH,Miami FL
2025-01-13,2025-01-12,CHIPOTLE 2841 #6635 WYNWOOD FL,Restaurants,DEBIT,-100.52,8167.80,,PO100020,POS,DORAL FL
2025-01-15,2025-01-15,PAYLANTIC PAYROLL  MARLIN BAY MEDIA  DIRECT DEP,Income,CREDIT,2252.23,10420.03,,AC100021,ACH,Miami FL
2025-01-16,2025-01-15,STARBUCKS STORE 119 #6977 BRICKELL FL,Restaurants,DEBIT,-100.57,10319.46,,PO100022,POS,DORAL FL
2025-01-17,2025-01-17,CRESTLINE EDU LOAN  AUTOPAY  ****3092,Loan Payment,DEBIT,-212.00,10107.46,,AC100023,ACH,Miami FL
2025-01-18,2025-01-17,SOUTHWEST AIR 5582  AIRFARE,Travel,DEBIT,-318.40,9789.06,,PO100024,POS,Miami FL
2025-01-19,2025-01-18,STARBUCKS STORE 119 #2424 WYNWOOD FL,Restaurants,DEBIT,-169.67,9619.39,,PO100025,POS,CORAL GABLES FL
2025-01-19,2025-01-18,WHOLE FOODS MKT BRICKELL #3045 CORAL GABLES FL,Groceries,DEBIT,-182.03,9437.36,,PO100026,POS,MIAMI FL
2025-01-19,2025-01-18,UBER EATS #9830 DORAL FL,Restaurants,DEBIT,-69.46,9367.90,,PO100027,POS,MIAMI BEACH FL
2025-01-20,2025-01-20,LUMEN BANK CARD  AUTOPAY  ****6058,Credit Card Payment,DEBIT,-250.00,9117.90,,AC100028,ACH,Miami FL
2025-01-20,2025-01-19,CHIPOTLE 2841 #6155 BRICKELL FL,Restaurants,DEBIT,-61.16,9056.74,,PO100029,POS,MIAMI BEACH FL
2025-01-21,2025-01-20,TARGET 00027931 #6925 WYNWOOD FL,Shopping,DEBIT,-205.25,8851.49,,PO100030,POS,BRICKELL FL
2025-01-22,2025-01-21,AMAZON MKTPL US*RT #4598 MIAMI BEACH FL,Shopping,DEBIT,-242.56,8608.93,,PO100031,POS,DORAL FL
2025-01-22,2025-01-21,WALGREENS 4471 #8517 BRICKELL FL,Health,DEBIT,-104.18,8504.75,,PO100032,POS,DORAL FL
2025-01-24,2025-01-23,PUBLIX SUPER MARKET #0312 #9928 CORAL GABLES FL,Groceries,DEBIT,-142.77,8361.98,,PO100033,POS,BRICKELL FL
2025-01-27,2025-01-26,APPLE.COM/BILL #1106 BRICKELL FL,Shopping,DEBIT,-149.30,8212.68,,PO100034,POS,MIAMI BEACH FL
2025-01-28,2025-01-28,TRANSFER TO SAVINGS  ****8820,Transfer,DEBIT,-400.00,7812.68,,XF100035,XFER,Miami FL
2025-01-31,2025-01-31,PAYLANTIC PAYROLL  MARLIN BAY MEDIA  DIRECT DEP,Income,CREDIT,2252.23,10064.91,,AC100036,ACH,Miami FL
2025-02-01,2025-02-01,ZELLE TO AKERMAN PROPERTIES  RENT,Rent,DEBIT,-2200.00,7864.91,,AC100037,ACH,Miami FL
2025-02-02,2025-02-01,CVS/PHARMACY 06441 #2163 MIAMI BEACH FL,Health,DEBIT,-149.11,7715.80,,PO100038,POS,MIAMI BEACH FL
2025-02-03,2025-02-03,ZELLE FROM J RIVERA,Transfer,CREDIT,1100.00,8815.80,,AC100039,ACH,Miami FL
2025-02-03,2025-02-02,WALGREENS 4471 #2796 BRICKELL FL,Health,DEBIT,-33.18,8782.62,,PO100040,POS,MIAMI BEACH FL
2025-02-03,2025-02-02,WHOLE FOODS MKT BRICKELL #6413 MIAMI FL,Groceries,DEBIT,-65.34,8717.28,,PO100041,POS,WYNWOOD FL
2025-02-05,2025-02-04,NETFLIX.COM,Subscriptions,DEBIT,-15.99,8701.29,,PO100042,POS,Miami FL
2025-02-05,2025-02-04,DOORDASH*WENDYS #6947 DORAL FL,Restaurants,DEBIT,-125.85,8575.44,,PO100043,POS,BRICKELL FL
2025-02-06,2025-02-05,Spotify USA,Subscriptions,DEBIT,-11.99,8563.45,,PO100044,POS,Miami FL
2025-02-07,2025-02-06,OpenAI ChatGPT Plus,Subscriptions,DEBIT,-20.00,8543.45,,PO100045,POS,Miami FL
2025-02-07,2025-02-06,STARBUCKS STORE 119 #8433 MIAMI FL,Restaurants,DEBIT,-80.39,8463.06,,PO100046,POS,MIAMI BEACH FL
2025-02-07,2025-02-06,WALGREENS 4471 #5342 WYNWOOD FL,Health,DEBIT,-232.62,8230.44,,PO100047,POS,WYNWOOD FL
2025-02-08,2025-02-08,FPL ELECTRIC  AUTOPAY,Utilities,DEBIT,-128.44,8102.00,,AC100048,ACH,Miami FL
2025-02-08,2025-02-07,Apple iCloud+,Subscriptions,DEBIT,-2.99,8099.01,,PO100049,POS,Miami FL
2025-02-09,2025-02-09,XFINITY  INTERNET AUTOPAY,Utilities,DEBIT,-79.99,8019.02,,AC100050,ACH,Miami FL
2025-02-09,2025-02-08,NYTimes Digital,Subscriptions,DEBIT,-4.25,8014.77,,PO100051,POS,Miami FL
2025-02-09,2025-02-08,APPLE.COM/BILL #2049 DORAL FL,Shopping,DEBIT,-40.19,7974.58,,PO100052,POS,MIAMI FL
2025-02-10,2025-02-10,MIAMI-DADE WATER & SEWER,Utilities,DEBIT,-41.20,7933.38,,AC100053,ACH,Miami FL
2025-02-10,2025-02-09,IRON PARADISE GYM,Health & Fitness,DEBIT,-49.00,7884.38,,PO100054,POS,Miami FL
2025-02-12,2025-02-12,T-MOBILE  AUTOPAY,Utilities,DEBIT,-85.00,7799.38,,AC100055,ACH,Miami FL
2025-02-12,2025-02-12,COINHAVEN MARKETS INC  ACH WITHDRAWAL,Transfer,CREDIT,3000.00,10799.38,,AC100056,ACH,Miami FL
2025-02-14,2025-02-13,TRADER JOE'S #748 #6930 BRICKELL FL,Groceries,DEBIT,-221.19,10578.19,,PO100057,POS,BRICKELL FL
2025-02-14,2025-02-13,NOBU MIAMI  DINING,Restaurants,DEBIT,-412.85,10165.34,,PO100058,POS,Miami FL
2025-02-15,2025-02-15,PAYLANTIC PAYROLL  MARLIN BAY MEDIA  DIRECT DEP,Income,CREDIT,2252.23,12417.57,,AC100059,ACH,Miami FL
2025-02-15,2025-02-14,SHELL OIL 57544 #2040 CORAL GABLES FL,Gas & Transport,DEBIT,-196.55,12221.02,,PO100060,POS,CORAL GABLES FL
2025-02-17,2025-02-17,CRESTLINE EDU LOAN  AUTOPAY  ****3092,Loan Payment,DEBIT,-212.00,12009.02,,AC100061,ACH,Miami FL
2025-02-18,2025-02-17,TARGET 00027931 #4258 BRICKELL FL,Shopping,DEBIT,-208.11,11800.91,,PO100062,POS,DORAL FL
2025-02-19,2025-02-18,APPLE.COM/BILL #1188 MIAMI BEACH FL,Shopping,DEBIT,-135.28,11665.63,,PO100063,POS,MIAMI BEACH FL
2025-02-19,2025-02-18,STARBUCKS STORE 119 #5371 MIAMI BEACH FL,Restaurants,DEBIT,-170.84,11494.79,,PO100064,POS,DORAL FL
2025-02-19,2025-02-18,TRADER JOE'S #748 #4295 MIAMI BEACH FL,Groceries,DEBIT,-236.70,11258.09,,PO100065,POS,DORAL FL
2025-02-20,2025-02-20,LUMEN BANK CARD  AUTOPAY  ****6058,Credit Card Payment,DEBIT,-250.00,11008.09,,AC100066,ACH,Miami FL
2025-02-20,2025-02-19,WHOLE FOODS MKT BRICKELL #2290 MIAMI FL,Groceries,DEBIT,-68.12,10939.97,,PO100067,POS,MIAMI BEACH FL
2025-02-22,2025-02-21,BRICKELL COFFEE CO #7118 CORAL GABLES FL,Restaurants,DEBIT,-243.87,10696.10,,PO100068,POS,WYNWOOD FL
2025-02-24,2025-02-23,BEST BUY 0477  ELECTRONICS,Shopping,DEBIT,-899.12,9796.98,,PO100069,POS,Miami FL
2025-02-26,2025-02-25,AMAZON MKTPL US*RT #3927 WYNWOOD FL,Shopping,DEBIT,-238.45,9558.53,,PO100070,POS,MIAMI FL
2025-02-26,2025-02-25,SHELL OIL 57544 #9689 MIAMI FL,Gas & Transport,DEBIT,-137.68,9420.85,,PO100071,POS,WYNWOOD FL
2025-02-26,2025-02-25,WALGREENS 4471 #9727 BRICKELL FL,Health,DEBIT,-202.13,9218.72,,PO100072,POS,BRICKELL FL
2025-02-28,2025-02-28,PAYLANTIC PAYROLL  MARLIN BAY MEDIA  DIRECT DEP,Income,CREDIT,2252.23,11470.95,,AC100073,ACH,Miami FL
2025-02-28,2025-02-28,TRANSFER TO SAVINGS  ****8820,Transfer,DEBIT,-400.00,11070.95,,XF100074,XFER,Miami FL
2025-03-01,2025-03-01,ZELLE TO AKERMAN PROPERTIES  RENT,Rent,DEBIT,-2200.00,8870.95,,AC100075,ACH,Miami FL
2025-03-03,2025-03-03,ZELLE FROM J RIVERA,Transfer,CREDIT,1100.00,9970.95,,AC100076,ACH,Miami FL
2025-03-03,2025-03-02,WHOLE FOODS MKT BRICKELL #1821 WYNWOOD FL,Groceries,DEBIT,-186.28,9784.67,,PO100077,POS,CORAL GABLES FL
2025-03-03,2025-03-02,CVS/PHARMACY 06441 #2343 CORAL GABLES FL,Health,DEBIT,-146.89,9637.78,,PO100078,POS,MIAMI BEACH FL
2025-03-05,2025-03-04,NETFLIX.COM,Subscriptions,DEBIT,-15.99,9621.79,,PO100079,POS,Miami FL
2025-03-05,2025-03-04,DOORDASH*WENDYS #5073 BRICKELL FL,Restaurants,DEBIT,-198.54,9423.25,,PO100080,POS,BRICKELL FL
2025-03-06,2025-03-05,Spotify USA,Subscriptions,DEBIT,-11.99,9411.26,,PO100081,POS,Miami FL
2025-03-07,2025-03-06,OpenAI ChatGPT Plus,Subscriptions,DEBIT,-20.00,9391.26,,PO100082,POS,Miami FL
2025-03-07,2025-03-06,APPLE.COM/BILL #5563 CORAL GABLES FL,Shopping,DEBIT,-44.66,9346.60,,PO100083,POS,BRICKELL FL
2025-03-08,2025-03-08,FPL ELECTRIC  AUTOPAY,Utilities,DEBIT,-128.44,9218.16,,AC100084,ACH,Miami FL
2025-03-08,2025-03-07,Apple iCloud+,Subscriptions,DEBIT,-2.99,9215.17,,PO100085,POS,Miami FL
2025-03-08,2025-03-07,DOORDASH*WENDYS #6147 BRICKELL FL,Restaurants,DEBIT,-229.79,8985.38,,PO100086,POS,DORAL FL
2025-03-08,2025-03-07,PEP BOYS 1180  AUTO REPAIR,Gas & Transport,DEBIT,-610.42,8374.96,,PO100087,POS,Miami FL
2025-03-09,2025-03-09,XFINITY  INTERNET AUTOPAY,Utilities,DEBIT,-79.99,8294.97,,AC100088,ACH,Miami FL
2025-03-09,2025-03-08,NYTimes Digital,Subscriptions,DEBIT,-4.25,8290.72,,PO100089,POS,Miami FL
2025-03-09,2025-03-08,CHIPOTLE 2841 #7615 MIAMI FL,Restaurants,DEBIT,-169.32,8121.40,,PO100090,POS,WYNWOOD FL
2025-03-10,2025-03-10,MIAMI-DADE WATER & SEWER,Utilities,DEBIT,-41.20,8080.20,,AC100091,ACH,Miami FL
2025-03-10,2025-03-09,IRON PARADISE GYM,Health & Fitness,DEBIT,-49.00,8031.20,,PO100092,POS,Miami FL
2025-03-10,2025-03-09,PUBLIX SUPER MARKET #0312 #8454 DORAL FL,Groceries,DEBIT,-241.58,7789.62,,PO100093,POS,CORAL GABLES FL
2025-03-11,2025-03-10,WALGREENS 4471 #4566 MIAMI FL,Health,DEBIT,-48.07,7741.55,,PO100094,POS,WYNWOOD FL
2025-03-12,2025-03-12,T-MOBILE  AUTOPAY,Utilities,DEBIT,-85.00,7656.55,,AC100095,ACH,Miami FL
2025-03-13,2025-03-12,STARBUCKS STORE 119 #7939 CORAL GABLES FL,Restaurants,DEBIT,-165.54,7491.01,,PO100096,POS,CORAL GABLES FL
2025-03-14,2025-03-13,WALGREENS 4471 #1960 BRICKELL FL,Health,DEBIT,-124.16,7366.85,,PO100097,POS,CORAL GABLES FL
2025-03-15,2025-03-15,PAYLANTIC PAYROLL  MARLIN BAY MEDIA  DIRECT DEP,Income,CREDIT,2252.23,9619.08,,AC100098,ACH,Miami FL
2025-03-17,2025-03-17,CRESTLINE EDU LOAN  AUTOPAY  ****3092,Loan Payment,DEBIT,-212.00,9407.08,,AC100099,ACH,Miami FL
2025-03-17,2025-03-16,CVS/PHARMACY 06441 #4510 WYNWOOD FL,Health,DEBIT,-76.89,9330.19,,PO100100,POS,BRICKELL FL
2025-03-17,2025-03-16,WALGREENS 4471 #7669 BRICKELL FL,Health,DEBIT,-68.62,9261.57,,PO100101,POS,MIAMI FL
2025-03-18,2025-03-17,SHELL OIL 57544 #2312 BRICKELL FL,Gas & Transport,DEBIT,-25.25,9236.32,,PO100102,POS,MIAMI FL
2025-03-19,2025-03-18,CHIPOTLE 2841 #2604 MIAMI FL,Restaurants,DEBIT,-115.25,9121.07,,PO100103,POS,MIAMI BEACH FL
2025-03-20,2025-03-20,LUMEN BANK CARD  AUTOPAY  ****6058,Credit Card Payment,DEBIT,-250.00,8871.07,,AC100104,ACH,Miami FL
2025-03-21,2025-03-20,CHIPOTLE 2841 #2638 MIAMI FL,Restaurants,DEBIT,-14.17,8856.90,,PO100105,POS,WYNWOOD FL
2025-03-22,2025-03-21,WHOLE FOODS MKT BRICKELL #2612 MIAMI FL,Groceries,DEBIT,-168.89,8688.01,,PO100106,POS,CORAL GABLES FL
2025-03-22,2025-03-21,BRICKELL COFFEE CO #5915 CORAL GABLES FL,Restaurants,DEBIT,-42.49,8645.52,,PO100107,POS,DORAL FL
2025-03-22,2025-03-21,IKEA MIAMI  FURNITURE,Shopping,DEBIT,-715.27,7930.25,,PO100108,POS,Miami FL
2025-03-26,2025-03-25,PUBLIX SUPER MARKET #0312 #4872 BRICKELL FL,Groceries,DEBIT,-237.78,7692.47,,PO100109,POS,CORAL GABLES FL
2025-03-28,2025-03-28,TRANSFER TO SAVINGS  ****8820,Transfer,DEBIT,-400.00,7292.47,,XF100110,XFER,Miami FL
2025-03-31,2025-03-31,PAYLANTIC PAYROLL  MARLIN BAY MEDIA  DIRECT DEP,Income,CREDIT,2252.23,9544.70,,AC100111,ACH,Miami FL
2025-04-01,2025-04-01,ZELLE TO AKERMAN PROPERTIES  RENT,Rent,DEBIT,-2200.00,7344.70,,AC100112,ACH,Miami FL
2025-04-03,2025-04-03,ZELLE FROM J RIVERA,Transfer,CREDIT,1100.00,8444.70,,AC100113,ACH,Miami FL
2025-04-03,2025-04-02,AMAZON MKTPL US*RT #2512 MIAMI BEACH FL,Shopping,DEBIT,-222.94,8221.76,,PO100114,POS,CORAL GABLES FL
2025-04-05,2025-04-04,NETFLIX.COM,Subscriptions,DEBIT,-15.99,8205.77,,PO100115,POS,Miami FL
2025-04-05,2025-04-04,UBER EATS #3546 DORAL FL,Restaurants,DEBIT,-73.62,8132.15,,PO100116,POS,DORAL FL
2025-04-06,2025-04-05,Spotify USA,Subscriptions,DEBIT,-11.99,8120.16,,PO100117,POS,Miami FL
2025-04-06,2025-04-05,LYFT *RIDE WED #6718 MIAMI FL,Gas & Transport,DEBIT,-129.87,7990.29,,PO100118,POS,BRICKELL FL
2025-04-06,2025-04-05,MIAMI PARKING AUTH #8041 BRICKELL FL,Gas & Transport,DEBIT,-147.72,7842.57,,PO100119,POS,MIAMI FL
2025-04-07,2025-04-06,OpenAI ChatGPT Plus,Subscriptions,DEBIT,-20.00,7822.57,,PO100120,POS,Miami FL
2025-04-08,2025-04-08,FPL ELECTRIC  AUTOPAY,Utilities,DEBIT,-128.44,7694.13,,AC100121,ACH,Miami FL
2025-04-08,2025-04-07,Apple iCloud+,Subscriptions,DEBIT,-2.99,7691.14,,PO100122,POS,Miami FL
2025-04-08,2025-04-07,LYFT *RIDE WED #5325 WYNWOOD FL,Gas & Transport,DEBIT,-179.20,7511.94,,PO100123,POS,CORAL GABLES FL
2025-04-08,2025-04-07,CVS/PHARMACY 06441 #7528 DORAL FL,Health,DEBIT,-17.51,7494.43,,PO100124,POS,DORAL FL
2025-04-09,2025-04-09,XFINITY  INTERNET AUTOPAY,Utilities,DEBIT,-79.99,7414.44,,AC100125,ACH,Miami FL
2025-04-09,2025-04-08,NYTimes Digital,Subscriptions,DEBIT,-4.25,7410.19,,PO100126,POS,Miami FL
2025-04-09,2025-04-08,UBER EATS #3662 BRICKELL FL,Restaurants,DEBIT,-227.70,7182.49,,PO100127,POS,CORAL GABLES FL
2025-04-10,2025-04-10,MIAMI-DADE WATER & SEWER,Utilities,DEBIT,-41.20,7141.29,,AC100128,ACH,Miami FL
2025-04-10,2025-04-09,IRON PARADISE GYM,Health & Fitness,DEBIT,-49.00,7092.29,,PO100129,POS,Miami FL
2025-04-10,2025-04-09,CHIPOTLE 2841 #6753 MIAMI BEACH FL,Restaurants,DEBIT,-237.29,6855.00,,PO100130,POS,WYNWOOD FL
2025-04-11,2025-04-10,DELTA AIR 0012  AIRFARE,Travel,DEBIT,-486.40,6368.60,,PO100131,POS,Miami FL
2025-04-12,2025-04-12,T-MOBILE  AUTOPAY,Utilities,DEBIT,-85.00,6283.60,,AC100132,ACH,Miami FL
2025-04-12,2025-04-11,AMAZON MKTPL US*RT #3143 MIAMI BEACH FL,Shopping,DEBIT,-22.27,6261.33,,PO100133,POS,DORAL FL
2025-04-12,2025-04-11,PUBLIX SUPER MARKET #0312 #7745 MIAMI BEACH FL,Groceries,DEBIT,-53.79,6207.54,,PO100134,POS,MIAMI BEACH FL
2025-04-12,2025-04-11,FONTAINEBLEAU MIAMI  HOTEL,Travel,DEBIT,-742.18,5465.36,,PO100135,POS,Miami FL
2025-04-13,2025-04-12,CVS/PHARMACY 06441 #7658 WYNWOOD FL,Health,DEBIT,-167.40,5297.96,,PO100136,POS,MIAMI BEACH FL
2025-04-15,2025-04-15,PAYLANTIC PAYROLL  MARLIN BAY MEDIA  DIRECT DEP,Income,CREDIT,2252.23,7550.19,,AC100137,ACH,Miami FL
2025-04-16,2025-04-15,MIAMI PARKING AUTH #9900 MIAMI BEACH FL,Gas & Transport,DEBIT,-78.40,7471.79,,PO100138,POS,DORAL FL
2025-04-16,2025-04-15,WALGREENS 4471 #6728 DORAL FL,Health,DEBIT,-63.83,7407.96,,PO100139,POS,BRICKELL FL
2025-04-17,2025-04-17,CRESTLINE EDU LOAN  AUTOPAY  ****3092,Loan Payment,DEBIT,-212.00,7195.96,,AC100140,ACH,Miami FL
2025-04-19,2025-04-18,PUBLIX SUPER MARKET #0312 #5905 MIAMI BEACH FL,Groceries,DEBIT,-167.61,7028.35,,PO100141,POS,MIAMI FL
2025-04-19,2025-04-18,SHELL OIL 57544 #8007 WYNWOOD FL,Gas & Transport,DEBIT,-184.71,6843.64,,PO100142,POS,MIAMI FL
2025-04-20,2025-04-20,LUMEN BANK CARD  AUTOPAY  ****6058,Credit Card Payment,DEBIT,-250.00,6593.64,,AC100143,ACH,Miami FL
2025-04-24,2025-04-23,STARBUCKS STORE 119 #3442 WYNWOOD FL,Restaurants,DEBIT,-29.53,6564.11,,PO100144,POS,MIAMI FL
2025-04-27,2025-04-26,TARGET 00027931 #1653 DORAL FL,Shopping,DEBIT,-96.96,6467.15,,PO100145,POS,BRICKELL FL
2025-04-27,2025-04-26,CVS/PHARMACY 06441 #2771 CORAL GABLES FL,Health,DEBIT,-74.17,6392.98,,PO100146,POS,MIAMI FL
2025-04-28,2025-04-28,TRANSFER TO SAVINGS  ****8820,Transfer,DEBIT,-400.00,5992.98,,XF100147,XFER,Miami FL
2025-04-30,2025-04-30,PAYLANTIC PAYROLL  MARLIN BAY MEDIA  DIRECT DEP,Income,CREDIT,2252.23,8245.21,,AC100148,ACH,Miami FL
2025-05-01,2025-05-01,ZELLE TO AKERMAN PROPERTIES  RENT,Rent,DEBIT,-2200.00,6045.21,,AC100149,ACH,Miami FL
2025-05-02,2025-05-01,TARGET 00027931 #5978 DORAL FL,Shopping,DEBIT,-106.62,5938.59,,PO100150,POS,BRICKELL FL
2025-05-02,2025-05-01,UBER EATS #2746 CORAL GABLES FL,Restaurants,DEBIT,-164.86,5773.73,,PO100151,POS,BRICKELL FL
2025-05-03,2025-05-03,ZELLE FROM J RIVERA,Transfer,CREDIT,1100.00,6873.73,,AC100152,ACH,Miami FL
2025-05-03,2025-05-02,APPLE STORE BRICKELL  MACBOOK,Shopping,DEBIT,-1349.00,5524.73,,PO100153,POS,Miami FL
2025-05-04,2025-05-03,LYFT *RIDE WED #6409 WYNWOOD FL,Gas & Transport,DEBIT,-96.86,5427.87,,PO100154,POS,DORAL FL
2025-05-05,2025-05-04,NETFLIX.COM,Subscriptions,DEBIT,-15.99,5411.88,,PO100155,POS,Miami FL
2025-05-06,2025-05-05,Spotify USA,Subscriptions,DEBIT,-11.99,5399.89,,PO100156,POS,Miami FL
2025-05-07,2025-05-06,OpenAI ChatGPT Plus,Subscriptions,DEBIT,-20.00,5379.89,,PO100157,POS,Miami FL
2025-05-08,2025-05-08,FPL ELECTRIC  AUTOPAY,Utilities,DEBIT,-128.44,5251.45,,AC100158,ACH,Miami FL
2025-05-08,2025-05-07,Apple iCloud+,Subscriptions,DEBIT,-2.99,5248.46,,PO100159,POS,Miami FL
2025-05-08,2025-05-07,TARGET 00027931 #3414 MIAMI FL,Shopping,DEBIT,-64.34,5184.12,,PO100160,POS,MIAMI FL
2025-05-09,2025-05-09,XFINITY  INTERNET AUTOPAY,Utilities,DEBIT,-79.99,5104.13,,AC100161,ACH,Miami FL
2025-05-09,2025-05-08,NYTimes Digital,Subscriptions,DEBIT,-4.25,5099.88,,PO100162,POS,Miami FL
2025-05-10,2025-05-10,MIAMI-DADE WATER & SEWER,Utilities,DEBIT,-41.20,5058.68,,AC100163,ACH,Miami FL
2025-05-10,2025-05-09,IRON PARADISE GYM,Health & Fitness,DEBIT,-49.00,5009.68,,PO100164,POS,Miami FL
2025-05-10,2025-05-09,AMAZON MKTPL US*RT #1626 MIAMI FL,Shopping,DEBIT,-53.61,4956.07,,PO100165,POS,WYNWOOD FL
2025-05-11,2025-05-10,STARBUCKS STORE 119 #9308 DORAL FL,Restaurants,DEBIT,-179.70,4776.37,,PO100166,POS,MIAMI BEACH FL
2025-05-12,2025-05-12,T-MOBILE  AUTOPAY,Utilities,DEBIT,-85.00,4691.37,,AC100167,ACH,Miami FL
2025-05-14,2025-05-13,LYFT *RIDE WED #3851 WYNWOOD FL,Gas & Transport,DEBIT,-109.96,4581.41,,PO100168,POS,WYNWOOD FL
2025-05-14,2025-05-13,LYFT *RIDE WED #9099 CORAL GABLES FL,Gas & Transport,DEBIT,-179.37,4402.04,,PO100169,POS,BRICKELL FL
2025-05-15,2025-05-15,PAYLANTIC PAYROLL  MARLIN BAY MEDIA  DIRECT DEP,Income,CREDIT,2252.23,6654.27,,AC100170,ACH,Miami FL
2025-05-17,2025-05-17,CRESTLINE EDU LOAN  AUTOPAY  ****3092,Loan Payment,DEBIT,-212.00,6442.27,,AC100171,ACH,Miami FL
2025-05-18,2025-05-17,APPLE.COM/BILL #8752 MIAMI BEACH FL,Shopping,DEBIT,-169.42,6272.85,,PO100172,POS,BRICKELL FL
2025-05-19,2025-05-18,BRICKELL COFFEE CO #6425 MIAMI FL,Restaurants,DEBIT,-170.33,6102.52,,PO100173,POS,MIAMI FL
2025-05-20,2025-05-20,LUMEN BANK CARD  AUTOPAY  ****6058,Credit Card Payment,DEBIT,-250.00,5852.52,,AC100174,ACH,Miami FL
2025-05-20,2025-05-19,STARBUCKS STORE 119 #4114 DORAL FL,Restaurants,DEBIT,-101.75,5750.77,,PO100175,POS,MIAMI FL
2025-05-21,2025-05-20,TRADER JOE'S #748 #6279 CORAL GABLES FL,Groceries,DEBIT,-195.08,5555.69,,PO100176,POS,CORAL GABLES FL
2025-05-21,2025-05-20,CVS/PHARMACY 06441 #2193 CORAL GABLES FL,Health,DEBIT,-241.26,5314.43,,PO100177,POS,CORAL GABLES FL
2025-05-23,2025-05-22,CHIPOTLE 2841 #6491 MIAMI FL,Restaurants,DEBIT,-78.12,5236.31,,PO100178,POS,BRICKELL FL
2025-05-24,2025-05-23,TRADER JOE'S #748 #5844 WYNWOOD FL,Groceries,DEBIT,-88.00,5148.31,,PO100179,POS,BRICKELL FL
2025-05-24,2025-05-23,SHELL OIL 57544 #9486 CORAL GABLES FL,Gas & Transport,DEBIT,-199.36,4948.95,,PO100180,POS,MIAMI FL
2025-05-27,2025-05-26,TRADER JOE'S #748 #6139 CORAL GABLES FL,Groceries,DEBIT,-92.55,4856.40,,PO100181,POS,WYNWOOD FL
2025-05-27,2025-05-26,TRADER JOE'S #748 #9821 MIAMI BEACH FL,Groceries,DEBIT,-12.39,4844.01,,PO100182,POS,MIAMI BEACH FL
2025-05-28,2025-05-28,TRANSFER TO SAVINGS  ****8820,Transfer,DEBIT,-400.00,4444.01,,XF100183,XFER,Miami FL
2025-05-31,2025-05-31,PAYLANTIC PAYROLL  MARLIN BAY MEDIA  DIRECT DEP,Income,CREDIT,2252.23,6696.24,,AC100184,ACH,Miami FL
2025-06-01,2025-06-01,ZELLE TO AKERMAN PROPERTIES  RENT,Rent,DEBIT,-2200.00,4496.24,,AC100185,ACH,Miami FL
2025-06-03,2025-06-03,ZELLE FROM J RIVERA,Transfer,CREDIT,1100.00,5596.24,,AC100186,ACH,Miami FL
2025-06-04,2025-06-03,CVS/PHARMACY 06441 #5681 BRICKELL FL,Health,DEBIT,-75.98,5520.26,,PO100187,POS,DORAL FL
2025-06-05,2025-06-04,NETFLIX.COM,Subscriptions,DEBIT,-15.99,5504.27,,PO100188,POS,Miami FL
2025-06-05,2025-06-04,CVS/PHARMACY 06441 #8478 BRICKELL FL,Health,DEBIT,-225.77,5278.50,,PO100189,POS,CORAL GABLES FL
2025-06-06,2025-06-05,Spotify USA,Subscriptions,DEBIT,-11.99,5266.51,,PO100190,POS,Miami FL
2025-06-06,2025-06-05,CVS/PHARMACY 06441 #4505 MIAMI FL,Health,DEBIT,-101.25,5165.26,,PO100191,POS,CORAL GABLES FL
2025-06-07,2025-06-06,OpenAI ChatGPT Plus,Subscriptions,DEBIT,-20.00,5145.26,,PO100192,POS,Miami FL
2025-06-07,2025-06-06,COACHELLA  RESALE TIX,Entertainment,DEBIT,-560.00,4585.26,,PO100193,POS,Miami FL
2025-06-08,2025-06-08,FPL ELECTRIC  AUTOPAY,Utilities,DEBIT,-128.44,4456.82,,AC100194,ACH,Miami FL
2025-06-08,2025-06-07,Apple iCloud+,Subscriptions,DEBIT,-2.99,4453.83,,PO100195,POS,Miami FL
2025-06-09,2025-06-09,XFINITY  INTERNET AUTOPAY,Utilities,DEBIT,-79.99,4373.84,,AC100196,ACH,Miami FL
2025-06-09,2025-06-08,NYTimes Digital,Subscriptions,DEBIT,-4.25,4369.59,,PO100197,POS,Miami FL
2025-06-10,2025-06-10,MIAMI-DADE WATER & SEWER,Utilities,DEBIT,-41.20,4328.39,,AC100198,ACH,Miami FL
2025-06-10,2025-06-09,IRON PARADISE GYM,Health & Fitness,DEBIT,-49.00,4279.39,,PO100199,POS,Miami FL
2025-06-10,2025-06-09,CVS/PHARMACY 06441 #9540 CORAL GABLES FL,Health,DEBIT,-207.69,4071.70,,PO100200,POS,MIAMI BEACH FL
2025-06-10,2025-06-09,CVS/PHARMACY 06441 #8140 CORAL GABLES FL,Health,DEBIT,-125.76,3945.94,,PO100201,POS,MIAMI FL
2025-06-12,2025-06-12,T-MOBILE  AUTOPAY,Utilities,DEBIT,-85.00,3860.94,,AC100202,ACH,Miami FL
2025-06-12,2025-06-11,WHOLE FOODS MKT BRICKELL #4467 CORAL GABLES FL,Groceries,DEBIT,-72.62,3788.32,,PO100203,POS,DORAL FL
2025-06-13,2025-06-12,WALGREENS 4471 #5892 CORAL GABLES FL,Health,DEBIT,-13.37,3774.95,,PO100204,POS,CORAL GABLES FL
2025-06-14,2025-06-13,DOORDASH*WENDYS #5558 CORAL GABLES FL,Restaurants,DEBIT,-189.37,3585.58,,PO100205,POS,DORAL FL
2025-06-15,2025-06-15,PAYLANTIC PAYROLL  MARLIN BAY MEDIA  DIRECT DEP,Income,CREDIT,2252.23,5837.81,,AC100206,ACH,Miami FL
2025-06-15,2025-06-14,PUBLIX SUPER MARKET #0312 #3223 CORAL GABLES FL,Groceries,DEBIT,-31.56,5806.25,,PO100207,POS,BRICKELL FL
2025-06-16,2025-06-15,DOORDASH*WENDYS #9270 CORAL GABLES FL,Restaurants,DEBIT,-233.36,5572.89,,PO100208,POS,WYNWOOD FL
2025-06-16,2025-06-15,TRADER JOE'S #748 #7812 MIAMI FL,Groceries,DEBIT,-89.10,5483.79,,PO100209,POS,BRICKELL FL
2025-06-17,2025-06-17,CRESTLINE EDU LOAN  AUTOPAY  ****3092,Loan Payment,DEBIT,-212.00,5271.79,,AC100210,ACH,Miami FL
2025-06-18,2025-06-18,COINHAVEN MARKETS INC  ACH WITHDRAWAL,Transfer,CREDIT,3250.00,8521.79,,AC100211,ACH,Miami FL
2025-06-19,2025-06-18,DOORDASH*WENDYS #2320 BRICKELL FL,Restaurants,DEBIT,-86.49,8435.30,,PO100212,POS,BRICKELL FL
2025-06-20,2025-06-20,LUMEN BANK CARD  AUTOPAY  ****6058,Credit Card Payment,DEBIT,-250.00,8185.30,,AC100213,ACH,Miami FL
2025-06-21,2025-06-20,APPLE.COM/BILL #9751 MIAMI FL,Shopping,DEBIT,-226.25,7959.05,,PO100214,POS,CORAL GABLES FL
2025-06-23,2025-06-22,BRICKELL COFFEE CO #7624 MIAMI BEACH FL,Restaurants,DEBIT,-90.32,7868.73,,PO100215,POS,BRICKELL FL
2025-06-25,2025-06-24,APPLE.COM/BILL #8777 CORAL GABLES FL,Shopping,DEBIT,-221.05,7647.68,,PO100216,POS,DORAL FL
2025-06-25,2025-06-24,CHIPOTLE 2841 #9837 MIAMI FL,Restaurants,DEBIT,-121.58,7526.10,,PO100217,POS,DORAL FL
2025-06-26,2025-06-25,TRADER JOE'S #748 #1320 WYNWOOD FL,Groceries,DEBIT,-102.75,7423.35,,PO100218,POS,CORAL GABLES FL
2025-06-26,2025-06-25,CVS/PHARMACY 06441 #1659 MIAMI FL,Health,DEBIT,-163.48,7259.87,,PO100219,POS,BRICKELL FL
2025-06-28,2025-06-28,TRANSFER TO SAVINGS  ****8820,Transfer,DEBIT,-400.00,6859.87,,XF100220,XFER,Miami FL
2025-06-30,2025-06-30,PAYLANTIC PAYROLL  MARLIN BAY MEDIA  DIRECT DEP,Income,CREDIT,2252.23,9112.10,,AC100221,ACH,Miami FL
2025-07-01,2025-07-01,ZELLE TO AKERMAN PROPERTIES  RENT,Rent,DEBIT,-2200.00,6912.10,,AC100222,ACH,Miami FL
2025-07-03,2025-07-03,ZELLE FROM J RIVERA,Transfer,CREDIT,1100.00,8012.10,,AC100223,ACH,Miami FL
2025-07-05,2025-07-04,NETFLIX.COM,Subscriptions,DEBIT,-15.99,7996.11,,PO100224,POS,Miami FL
2025-07-06,2025-07-05,Spotify USA,Subscriptions,DEBIT,-11.99,7984.12,,PO100225,POS,Miami FL
2025-07-07,2025-07-06,OpenAI ChatGPT Plus,Subscriptions,DEBIT,-20.00,7964.12,,PO100226,POS,Miami FL
2025-07-07,2025-07-06,AMAZON MKTPL US*RT #2876 BRICKELL FL,Shopping,DEBIT,-190.69,7773.43,,PO100227,POS,DORAL FL
2025-07-07,2025-07-06,WALGREENS 4471 #8988 BRICKELL FL,Health,DEBIT,-210.27,7563.16,,PO100228,POS,DORAL FL
2025-07-08,2025-07-08,FPL ELECTRIC  AUTOPAY,Utilities,DEBIT,-128.44,7434.72,,AC100229,ACH,Miami FL
2025-07-08,2025-07-07,Apple iCloud+,Subscriptions,DEBIT,-2.99,7431.73,,PO100230,POS,Miami FL
2025-07-09,2025-07-09,XFINITY  INTERNET AUTOPAY,Utilities,DEBIT,-79.99,7351.74,,AC100231,ACH,Miami FL
2025-07-09,2025-07-08,NYTimes Digital,Subscriptions,DEBIT,-4.25,7347.49,,PO100232,POS,Miami FL
2025-07-09,2025-07-08,AMAZON MKTPL US*RT #2419 DORAL FL,Shopping,DEBIT,-87.10,7260.39,,PO100233,POS,CORAL GABLES FL
2025-07-10,2025-07-10,MIAMI-DADE WATER & SEWER,Utilities,DEBIT,-41.20,7219.19,,AC100234,ACH,Miami FL
2025-07-10,2025-07-09,IRON PARADISE GYM,Health & Fitness,DEBIT,-49.00,7170.19,,PO100235,POS,Miami FL
2025-07-11,2025-07-10,STARBUCKS STORE 119 #7149 CORAL GABLES FL,Restaurants,DEBIT,-146.83,7023.36,,PO100236,POS,MIAMI BEACH FL
2025-07-12,2025-07-12,T-MOBILE  AUTOPAY,Utilities,DEBIT,-85.00,6938.36,,AC100237,ACH,Miami FL
2025-07-14,2025-07-13,CHIPOTLE 2841 #4986 DORAL FL,Restaurants,DEBIT,-80.56,6857.80,,PO100238,POS,MIAMI BEACH FL
2025-07-15,2025-07-15,PAYLANTIC PAYROLL  MARLIN BAY MEDIA  DIRECT DEP,Income,CREDIT,2252.23,9110.03,,AC100239,ACH,Miami FL
2025-07-15,2025-07-14,DOORDASH*WENDYS #9031 MIAMI FL,Restaurants,DEBIT,-14.95,9095.08,,PO100240,POS,CORAL GABLES FL
2025-07-16,2025-07-15,MIAMI PARKING AUTH #3506 CORAL GABLES FL,Gas & Transport,DEBIT,-160.09,8934.99,,PO100241,POS,BRICKELL FL
2025-07-17,2025-07-17,CRESTLINE EDU LOAN  AUTOPAY  ****3092,Loan Payment,DEBIT,-212.00,8722.99,,AC100242,ACH,Miami FL
2025-07-18,2025-07-17,MIAMI PARKING AUTH #6632 CORAL GABLES FL,Gas & Transport,DEBIT,-122.27,8600.72,,PO100243,POS,MIAMI BEACH FL
2025-07-19,2025-07-18,AMAZON MKTPL US*RT #8921 CORAL GABLES FL,Shopping,DEBIT,-155.51,8445.21,,PO100244,POS,CORAL GABLES FL
2025-07-19,2025-07-18,CARNIVAL CRUISE  DEPOSIT,Travel,DEBIT,-450.00,7995.21,,PO100245,POS,Miami FL
2025-07-20,2025-07-20,LUMEN BANK CARD  AUTOPAY  ****6058,Credit Card Payment,DEBIT,-250.00,7745.21,,AC100246,ACH,Miami FL
2025-07-20,2025-07-19,WALGREENS 4471 #4571 CORAL GABLES FL,Health,DEBIT,-167.98,7577.23,,PO100247,POS,MIAMI BEACH FL
2025-07-20,2025-07-19,CVS/PHARMACY 06441 #7209 DORAL FL,Health,DEBIT,-186.86,7390.37,,PO100248,POS,MIAMI FL
2025-07-21,2025-07-20,LYFT *RIDE WED #3496 BRICKELL FL,Gas & Transport,DEBIT,-207.54,7182.83,,PO100249,POS,BRICKELL FL
2025-07-21,2025-07-20,TARGET 00027931 #2983 WYNWOOD FL,Shopping,DEBIT,-210.12,6972.71,,PO100250,POS,MIAMI FL
2025-07-21,2025-07-20,AMAZON MKTPL US*RT #5526 WYNWOOD FL,Shopping,DEBIT,-91.30,6881.41,,PO100251,POS,MIAMI FL
2025-07-22,2025-07-21,CVS/PHARMACY 06441 #9041 CORAL GABLES FL,Health,DEBIT,-172.91,6708.50,,PO100252,POS,MIAMI FL
2025-07-23,2025-07-22,MIAMI PARKING AUTH #7071 MIAMI FL,Gas & Transport,DEBIT,-136.13,6572.37,,PO100253,POS,WYNWOOD FL
2025-07-24,2025-07-23,LYFT *RIDE WED #4978 MIAMI FL,Gas & Transport,DEBIT,-29.71,6542.66,,PO100254,POS,MIAMI BEACH FL
2025-07-25,2025-07-24,LYFT *RIDE WED #7658 CORAL GABLES FL,Gas & Transport,DEBIT,-31.95,6510.71,,PO100255,POS,WYNWOOD FL
2025-07-28,2025-07-28,TRANSFER TO SAVINGS  ****8820,Transfer,DEBIT,-400.00,6110.71,,XF100256,XFER,Miami FL
2025-07-31,2025-07-31,PAYLANTIC PAYROLL  MARLIN BAY MEDIA  DIRECT DEP,Income,CREDIT,2252.23,8362.94,,AC100257,ACH,Miami FL
2025-08-01,2025-08-01,ZELLE TO AKERMAN PROPERTIES  RENT,Rent,DEBIT,-2200.00,6162.94,,AC100258,ACH,Miami FL
2025-08-02,2025-08-01,WALGREENS 4471 #5658 CORAL GABLES FL,Health,DEBIT,-35.90,6127.04,,PO100259,POS,CORAL GABLES FL
2025-08-03,2025-08-03,ZELLE FROM J RIVERA,Transfer,CREDIT,1100.00,7227.04,,AC100260,ACH,Miami FL
2025-08-03,2025-08-02,APPLE.COM/BILL #5136 CORAL GABLES FL,Shopping,DEBIT,-91.38,7135.66,,PO100261,POS,MIAMI FL
2025-08-04,2025-08-03,CHIPOTLE 2841 #1878 BRICKELL FL,Restaurants,DEBIT,-105.36,7030.30,,PO100262,POS,BRICKELL FL
2025-08-05,2025-08-04,NETFLIX.COM,Subscriptions,DEBIT,-15.99,7014.31,,PO100263,POS,Miami FL
2025-08-06,2025-08-05,Spotify USA,Subscriptions,DEBIT,-11.99,7002.32,,PO100264,POS,Miami FL
2025-08-07,2025-08-06,OpenAI ChatGPT Plus,Subscriptions,DEBIT,-20.00,6982.32,,PO100265,POS,Miami FL
2025-08-07,2025-08-06,CHIPOTLE 2841 #2229 BRICKELL FL,Restaurants,DEBIT,-48.59,6933.73,,PO100266,POS,MIAMI FL
2025-08-08,2025-08-08,FPL ELECTRIC  AUTOPAY,Utilities,DEBIT,-128.44,6805.29,,AC100267,ACH,Miami FL
2025-08-08,2025-08-07,Apple iCloud+,Subscriptions,DEBIT,-2.99,6802.30,,PO100268,POS,Miami FL
2025-08-08,2025-08-07,CVS/PHARMACY 06441 #6169 MIAMI FL,Health,DEBIT,-40.11,6762.19,,PO100269,POS,MIAMI BEACH FL
2025-08-08,2025-08-07,TARGET 00027931 #5853 BRICKELL FL,Shopping,DEBIT,-240.46,6521.73,,PO100270,POS,DORAL FL
2025-08-08,2025-08-07,STARBUCKS STORE 119 #4457 DORAL FL,Restaurants,DEBIT,-232.79,6288.94,,PO100271,POS,MIAMI BEACH FL
2025-08-09,2025-08-09,XFINITY  INTERNET AUTOPAY,Utilities,DEBIT,-79.99,6208.95,,AC100272,ACH,Miami FL
2025-08-09,2025-08-08,NYTimes Digital,Subscriptions,DEBIT,-4.25,6204.70,,PO100273,POS,Miami FL
2025-08-09,2025-08-08,TARGET 00027931 #2940 WYNWOOD FL,Shopping,DEBIT,-31.85,6172.85,,PO100274,POS,CORAL GABLES FL
2025-08-09,2025-08-08,SEPHORA  GIFTS,Shopping,DEBIT,-288.44,5884.41,,PO100275,POS,Miami FL
2025-08-10,2025-08-10,MIAMI-DADE WATER & SEWER,Utilities,DEBIT,-41.20,5843.21,,AC100276,ACH,Miami FL
2025-08-10,2025-08-09,IRON PARADISE GYM,Health & Fitness,DEBIT,-49.00,5794.21,,PO100277,POS,Miami FL
2025-08-10,2025-08-09,CVS/PHARMACY 06441 #3330 MIAMI FL,Health,DEBIT,-162.90,5631.31,,PO100278,POS,MIAMI FL
2025-08-11,2025-08-10,CVS/PHARMACY 06441 #8438 MIAMI FL,Health,DEBIT,-79.13,5552.18,,PO100279,POS,MIAMI BEACH FL
2025-08-12,2025-08-12,T-MOBILE  AUTOPAY,Utilities,DEBIT,-85.00,5467.18,,AC100280,ACH,Miami FL
2025-08-14,2025-08-13,CVS/PHARMACY 06441 #8381 CORAL GABLES FL,Health,DEBIT,-192.74,5274.44,,PO100281,POS,DORAL FL
2025-08-15,2025-08-15,PAYLANTIC PAYROLL  MARLIN BAY MEDIA  DIRECT DEP,Income,CREDIT,2252.23,7526.67,,AC100282,ACH,Miami FL
2025-08-16,2025-08-15,DOORDASH*WENDYS #5438 DORAL FL,Restaurants,DEBIT,-93.97,7432.70,,PO100283,POS,DORAL FL
2025-08-17,2025-08-17,CRESTLINE EDU LOAN  AUTOPAY  ****3092,Loan Payment,DEBIT,-212.00,7220.70,,AC100284,ACH,Miami FL
2025-08-19,2025-08-18,WHOLE FOODS MKT BRICKELL #5786 MIAMI BEACH FL,Groceries,DEBIT,-239.01,6981.69,,PO100285,POS,BRICKELL FL
2025-08-20,2025-08-20,LUMEN BANK CARD  AUTOPAY  ****6058,Credit Card Payment,DEBIT,-250.00,6731.69,,AC100286,ACH,Miami FL
2025-08-21,2025-08-20,TRADER JOE'S #748 #1986 WYNWOOD FL,Groceries,DEBIT,-83.15,6648.54,,PO100287,POS,MIAMI BEACH FL
2025-08-21,2025-08-20,TRADER JOE'S #748 #8699 DORAL FL,Groceries,DEBIT,-116.97,6531.57,,PO100288,POS,MIAMI FL
2025-08-24,2025-08-23,SHELL OIL 57544 #9751 BRICKELL FL,Gas & Transport,DEBIT,-82.43,6449.14,,PO100289,POS,DORAL FL
2025-08-25,2025-08-24,SHELL OIL 57544 #8933 DORAL FL,Gas & Transport,DEBIT,-56.63,6392.51,,PO100290,POS,MIAMI BEACH FL
2025-08-27,2025-08-26,CVS/PHARMACY 06441 #4241 CORAL GABLES FL,Health,DEBIT,-227.27,6165.24,,PO100291,POS,MIAMI FL
2025-08-28,2025-08-28,TRANSFER TO SAVINGS  ****8820,Transfer,DEBIT,-400.00,5765.24,,XF100292,XFER,Miami FL
2025-08-31,2025-08-31,PAYLANTIC PAYROLL  MARLIN BAY MEDIA  DIRECT DEP,Income,CREDIT,2252.23,8017.47,,AC100293,ACH,Miami FL
2025-09-01,2025-09-01,ZELLE TO AKERMAN PROPERTIES  RENT,Rent,DEBIT,-2200.00,5817.47,,AC100294,ACH,Miami FL
2025-09-02,2025-09-01,DOORDASH*WENDYS #2496 BRICKELL FL,Restaurants,DEBIT,-152.67,5664.80,,PO100295,POS,MIAMI BEACH FL
2025-09-03,2025-09-03,ZELLE FROM J RIVERA,Transfer,CREDIT,1100.00,6764.80,,AC100296,ACH,Miami FL
2025-09-05,2025-09-04,NETFLIX.COM,Subscriptions,DEBIT,-15.99,6748.81,,PO100297,POS,Miami FL
2025-09-05,2025-09-04,STARBUCKS STORE 119 #3522 CORAL GABLES FL,Restaurants,DEBIT,-119.52,6629.29,,PO100298,POS,MIAMI BEACH FL
2025-09-06,2025-09-05,Spotify USA,Subscriptions,DEBIT,-11.99,6617.30,,PO100299,POS,Miami FL
2025-09-06,2025-09-05,CVS/PHARMACY 06441 #7284 BRICKELL FL,Health,DEBIT,-118.43,6498.87,,PO100300,POS,WYNWOOD FL
2025-09-07,2025-09-06,OpenAI ChatGPT Plus,Subscriptions,DEBIT,-20.00,6478.87,,PO100301,POS,Miami FL
2025-09-08,2025-09-08,FPL ELECTRIC  AUTOPAY,Utilities,DEBIT,-128.44,6350.43,,AC100302,ACH,Miami FL
2025-09-08,2025-09-07,Apple iCloud+,Subscriptions,DEBIT,-2.99,6347.44,,PO100303,POS,Miami FL
2025-09-09,2025-09-09,XFINITY  INTERNET AUTOPAY,Utilities,DEBIT,-79.99,6267.45,,AC100304,ACH,Miami FL
2025-09-09,2025-09-08,NYTimes Digital,Subscriptions,DEBIT,-4.25,6263.20,,PO100305,POS,Miami FL
2025-09-10,2025-09-10,MIAMI-DADE WATER & SEWER,Utilities,DEBIT,-41.20,6222.00,,AC100306,ACH,Miami FL
2025-09-10,2025-09-09,IRON PARADISE GYM,Health & Fitness,DEBIT,-49.00,6173.00,,PO100307,POS,Miami FL
2025-09-10,2025-09-09,APPLE.COM/BILL #6296 MIAMI FL,Shopping,DEBIT,-32.52,6140.48,,PO100308,POS,CORAL GABLES FL
2025-09-10,2025-09-09,TARGET 00027931 #7807 CORAL GABLES FL,Shopping,DEBIT,-130.57,6009.91,,PO100309,POS,CORAL GABLES FL
2025-09-11,2025-09-10,TRADER JOE'S #748 #7561 WYNWOOD FL,Groceries,DEBIT,-173.63,5836.28,,PO100310,POS,MIAMI FL
2025-09-12,2025-09-12,T-MOBILE  AUTOPAY,Utilities,DEBIT,-85.00,5751.28,,AC100311,ACH,Miami FL
2025-09-15,2025-09-15,PAYLANTIC PAYROLL  MARLIN BAY MEDIA  DIRECT DEP,Income,CREDIT,2252.23,8003.51,,AC100312,ACH,Miami FL
2025-09-15,2025-09-14,BRICKELL DENTAL  CROWN,Health,DEBIT,-640.00,7363.51,,PO100313,POS,Miami FL
2025-09-17,2025-09-17,CRESTLINE EDU LOAN  AUTOPAY  ****3092,Loan Payment,DEBIT,-212.00,7151.51,,AC100314,ACH,Miami FL
2025-09-17,2025-09-16,TRADER JOE'S #748 #2494 CORAL GABLES FL,Groceries,DEBIT,-159.90,6991.61,,PO100315,POS,DORAL FL
2025-09-19,2025-09-18,PUBLIX SUPER MARKET #0312 #8569 CORAL GABLES FL,Groceries,DEBIT,-165.23,6826.38,,PO100316,POS,MIAMI FL
2025-09-19,2025-09-18,WHOLE FOODS MKT BRICKELL #3146 DORAL FL,Groceries,DEBIT,-59.43,6766.95,,PO100317,POS,CORAL GABLES FL
2025-09-19,2025-09-18,TARGET 00027931 #7684 MIAMI FL,Shopping,DEBIT,-140.35,6626.60,,PO100318,POS,BRICKELL FL
2025-09-20,2025-09-20,LUMEN BANK CARD  AUTOPAY  ****6058,Credit Card Payment,DEBIT,-250.00,6376.60,,AC100319,ACH,Miami FL
2025-09-21,2025-09-20,SHELL OIL 57544 #5728 CORAL GABLES FL,Gas & Transport,DEBIT,-196.68,6179.92,,PO100320,POS,MIAMI FL
2025-09-21,2025-09-20,WALGREENS 4471 #1653 CORAL GABLES FL,Health,DEBIT,-114.00,6065.92,,PO100321,POS,MIAMI BEACH FL
2025-09-21,2025-09-20,LYFT *RIDE WED #9167 MIAMI BEACH FL,Gas & Transport,DEBIT,-132.80,5933.12,,PO100322,POS,CORAL GABLES FL
2025-09-22,2025-09-21,SHELL OIL 57544 #8245 DORAL FL,Gas & Transport,DEBIT,-121.63,5811.49,,PO100323,POS,BRICKELL FL
2025-09-22,2025-09-21,WALGREENS 4471 #4920 MIAMI BEACH FL,Health,DEBIT,-40.29,5771.20,,PO100324,POS,BRICKELL FL
2025-09-23,2025-09-22,PUBLIX SUPER MARKET #0312 #5415 WYNWOOD FL,Groceries,DEBIT,-244.90,5526.30,,PO100325,POS,MIAMI FL
2025-09-23,2025-09-22,TRADER JOE'S #748 #2713 BRICKELL FL,Groceries,DEBIT,-89.66,5436.64,,PO100326,POS,DORAL FL
2025-09-24,2025-09-23,APPLE.COM/BILL #7594 DORAL FL,Shopping,DEBIT,-172.46,5264.18,,PO100327,POS,WYNWOOD FL
2025-09-28,2025-09-28,TRANSFER TO SAVINGS  ****8820,Transfer,DEBIT,-400.00,4864.18,,XF100328,XFER,Miami FL
2025-09-30,2025-09-30,PAYLANTIC PAYROLL  MARLIN BAY MEDIA  DIRECT DEP,Income,CREDIT,2252.23,7116.41,,AC100329,ACH,Miami FL
2025-10-01,2025-10-01,ZELLE TO AKERMAN PROPERTIES  RENT,Rent,DEBIT,-2200.00,4916.41,,AC100330,ACH,Miami FL
2025-10-03,2025-10-03,ZELLE FROM J RIVERA,Transfer,CREDIT,1100.00,6016.41,,AC100331,ACH,Miami FL
2025-10-03,2025-10-02,UBER EATS #3068 WYNWOOD FL,Restaurants,DEBIT,-127.41,5889.00,,PO100332,POS,WYNWOOD FL
2025-10-03,2025-10-02,WALGREENS 4471 #2121 BRICKELL FL,Health,DEBIT,-215.27,5673.73,,PO100333,POS,MIAMI BEACH FL
2025-10-05,2025-10-04,NETFLIX.COM,Subscriptions,DEBIT,-15.99,5657.74,,PO100334,POS,Miami FL
2025-10-06,2025-10-05,Spotify USA,Subscriptions,DEBIT,-11.99,5645.75,,PO100335,POS,Miami FL
2025-10-07,2025-10-06,OpenAI ChatGPT Plus,Subscriptions,DEBIT,-20.00,5625.75,,PO100336,POS,Miami FL
2025-10-08,2025-10-08,FPL ELECTRIC  AUTOPAY,Utilities,DEBIT,-128.44,5497.31,,AC100337,ACH,Miami FL
2025-10-08,2025-10-07,Apple iCloud+,Subscriptions,DEBIT,-2.99,5494.32,,PO100338,POS,Miami FL
2025-10-09,2025-10-09,XFINITY  INTERNET AUTOPAY,Utilities,DEBIT,-79.99,5414.33,,AC100339,ACH,Miami FL
2025-10-09,2025-10-08,NYTimes Digital,Subscriptions,DEBIT,-4.25,5410.08,,PO100340,POS,Miami FL
2025-10-09,2025-10-08,LYFT *RIDE WED #7274 BRICKELL FL,Gas & Transport,DEBIT,-240.52,5169.56,,PO100341,POS,CORAL GABLES FL
2025-10-10,2025-10-10,MIAMI-DADE WATER & SEWER,Utilities,DEBIT,-41.20,5128.36,,AC100342,ACH,Miami FL
2025-10-10,2025-10-09,IRON PARADISE GYM,Health & Fitness,DEBIT,-49.00,5079.36,,PO100343,POS,Miami FL
2025-10-10,2025-10-09,UBER EATS #7798 DORAL FL,Restaurants,DEBIT,-213.32,4866.04,,PO100344,POS,WYNWOOD FL
2025-10-11,2025-10-10,AMAZON MKTPL US*RT #5891 WYNWOOD FL,Shopping,DEBIT,-203.19,4662.85,,PO100345,POS,WYNWOOD FL
2025-10-11,2025-10-10,DOORDASH*WENDYS #6873 DORAL FL,Restaurants,DEBIT,-197.50,4465.35,,PO100346,POS,CORAL GABLES FL
2025-10-12,2025-10-12,T-MOBILE  AUTOPAY,Utilities,DEBIT,-85.00,4380.35,,AC100347,ACH,Miami FL
2025-10-14,2025-10-13,CHIPOTLE 2841 #4945 CORAL GABLES FL,Restaurants,DEBIT,-154.01,4226.34,,PO100348,POS,WYNWOOD FL
2025-10-14,2025-10-13,MIAMI HEAT  SEASON TIX,Entertainment,DEBIT,-980.00,3246.34,,PO100349,POS,Miami FL
2025-10-15,2025-10-15,PAYLANTIC PAYROLL  MARLIN BAY MEDIA  DIRECT DEP,Income,CREDIT,2252.23,5498.57,,AC100350,ACH,Miami FL
2025-10-15,2025-10-14,PUBLIX SUPER MARKET #0312 #3529 MIAMI FL,Groceries,DEBIT,-180.33,5318.24,,PO100351,POS,CORAL GABLES FL
2025-10-15,2025-10-14,UBER EATS #3950 BRICKELL FL,Restaurants,DEBIT,-68.90,5249.34,,PO100352,POS,BRICKELL FL
2025-10-16,2025-10-15,WALGREENS 4471 #9824 CORAL GABLES FL,Health,DEBIT,-213.61,5035.73,,PO100353,POS,DORAL FL
2025-10-16,2025-10-15,DOORDASH*WENDYS #2633 WYNWOOD FL,Restaurants,DEBIT,-214.64,4821.09,,PO100354,POS,CORAL GABLES FL
2025-10-17,2025-10-17,CRESTLINE EDU LOAN  AUTOPAY  ****3092,Loan Payment,DEBIT,-212.00,4609.09,,AC100355,ACH,Miami FL
2025-10-17,2025-10-16,WHOLE FOODS MKT BRICKELL #7246 CORAL GABLES FL,Groceries,DEBIT,-86.14,4522.95,,PO100356,POS,MIAMI BEACH FL
2025-10-19,2025-10-18,DOORDASH*WENDYS #7180 CORAL GABLES FL,Restaurants,DEBIT,-140.60,4382.35,,PO100357,POS,DORAL FL
2025-10-19,2025-10-18,DOORDASH*WENDYS #7226 DORAL FL,Restaurants,DEBIT,-210.60,4171.75,,PO100358,POS,MIAMI BEACH FL
2025-10-20,2025-10-20,LUMEN BANK CARD  AUTOPAY  ****6058,Credit Card Payment,DEBIT,-250.00,3921.75,,AC100359,ACH,Miami FL
2025-10-22,2025-10-21,UBER EATS #5161 CORAL GABLES FL,Restaurants,DEBIT,-66.10,3855.65,,PO100360,POS,DORAL FL
2025-10-22,2025-10-22,CHECK 1042,Check,DEBIT,-150.00,3705.65,1042,CH100361,CHECK,Miami FL
2025-10-24,2025-10-23,AMAZON MKTPL US*RT #7512 MIAMI BEACH FL,Shopping,DEBIT,-90.88,3614.77,,PO100362,POS,MIAMI FL
2025-10-24,2025-10-23,STARBUCKS STORE 119 #5906 MIAMI FL,Restaurants,DEBIT,-115.38,3499.39,,PO100363,POS,MIAMI FL
2025-10-25,2025-10-24,TARGET 00027931 #2480 CORAL GABLES FL,Shopping,DEBIT,-244.40,3254.99,,PO100364,POS,MIAMI FL
2025-10-28,2025-10-28,TRANSFER TO SAVINGS  ****8820,Transfer,DEBIT,-400.00,2854.99,,XF100365,XFER,Miami FL
2025-10-31,2025-10-31,PAYLANTIC PAYROLL  MARLIN BAY MEDIA  DIRECT DEP,Income,CREDIT,2252.23,5107.22,,AC100366,ACH,Miami FL
2025-11-01,2025-11-01,ZELLE TO AKERMAN PROPERTIES  RENT,Rent,DEBIT,-2200.00,2907.22,,AC100367,ACH,Miami FL
2025-11-02,2025-11-01,CHIPOTLE 2841 #5332 WYNWOOD FL,Restaurants,DEBIT,-196.23,2710.99,,PO100368,POS,MIAMI FL
2025-11-03,2025-11-03,ZELLE FROM J RIVERA,Transfer,CREDIT,1100.00,3810.99,,AC100369,ACH,Miami FL
2025-11-05,2025-11-04,NETFLIX.COM,Subscriptions,DEBIT,-15.99,3795.00,,PO100370,POS,Miami FL
2025-11-05,2025-11-04,TARGET 00027931 #3290 MIAMI FL,Shopping,DEBIT,-163.27,3631.73,,PO100371,POS,MIAMI FL
2025-11-06,2025-11-05,Spotify USA,Subscriptions,DEBIT,-11.99,3619.74,,PO100372,POS,Miami FL
2025-11-07,2025-11-06,OpenAI ChatGPT Plus,Subscriptions,DEBIT,-20.00,3599.74,,PO100373,POS,Miami FL
2025-11-07,2025-11-06,DOORDASH*WENDYS #4289 BRICKELL FL,Restaurants,DEBIT,-186.16,3413.58,,PO100374,POS,WYNWOOD FL
2025-11-08,2025-11-08,FPL ELECTRIC  AUTOPAY,Utilities,DEBIT,-128.44,3285.14,,AC100375,ACH,Miami FL
2025-11-08,2025-11-07,Apple iCloud+,Subscriptions,DEBIT,-2.99,3282.15,,PO100376,POS,Miami FL
2025-11-08,2025-11-07,MIAMI PARKING AUTH #5106 MIAMI BEACH FL,Gas & Transport,DEBIT,-63.03,3219.12,,PO100377,POS,MIAMI BEACH FL
2025-11-08,2025-11-07,MARRIOTT NASHVILLE  HOTEL,Travel,DEBIT,-540.18,2678.94,,PO100378,POS,Miami FL
2025-11-09,2025-11-09,XFINITY  INTERNET AUTOPAY,Utilities,DEBIT,-79.99,2598.95,,AC100379,ACH,Miami FL
2025-11-09,2025-11-08,NYTimes Digital,Subscriptions,DEBIT,-4.25,2594.70,,PO100380,POS,Miami FL
2025-11-09,2025-11-08,UBER EATS #7511 WYNWOOD FL,Restaurants,DEBIT,-187.72,2406.98,,PO100381,POS,DORAL FL
2025-11-09,2025-11-08,MIAMI PARKING AUTH #8724 MIAMI FL,Gas & Transport,DEBIT,-37.24,2369.74,,PO100382,POS,WYNWOOD FL
2025-11-09,2025-11-08,DOORDASH*WENDYS #2035 MIAMI BEACH FL,Restaurants,DEBIT,-225.25,2144.49,,PO100383,POS,CORAL GABLES FL
2025-11-10,2025-11-10,MIAMI-DADE WATER & SEWER,Utilities,DEBIT,-41.20,2103.29,,AC100384,ACH,Miami FL
2025-11-10,2025-11-09,IRON PARADISE GYM,Health & Fitness,DEBIT,-49.00,2054.29,,PO100385,POS,Miami FL
2025-11-10,2025-11-09,MIAMI PARKING AUTH #3695 DORAL FL,Gas & Transport,DEBIT,-135.69,1918.60,,PO100386,POS,CORAL GABLES FL
2025-11-11,2025-11-10,AMAZON MKTPL US*RT #4263 CORAL GABLES FL,Shopping,DEBIT,-118.44,1800.16,,PO100387,POS,CORAL GABLES FL
2025-11-12,2025-11-12,T-MOBILE  AUTOPAY,Utilities,DEBIT,-85.00,1715.16,,AC100388,ACH,Miami FL
2025-11-12,2025-11-11,TARGET 00027931 #2886 CORAL GABLES FL,Shopping,DEBIT,-185.95,1529.21,,PO100389,POS,MIAMI FL
2025-11-13,2025-11-12,SHELL OIL 57544 #5901 MIAMI BEACH FL,Gas & Transport,DEBIT,-29.21,1500.00,,PO100390,POS,CORAL GABLES FL
2025-11-15,2025-11-15,PAYLANTIC PAYROLL  MARLIN BAY MEDIA  DIRECT DEP,Income,CREDIT,2252.23,3752.23,,AC100391,ACH,Miami FL
2025-11-15,2025-11-15,COINHAVEN MARKETS INC  ACH WITHDRAWAL,Transfer,CREDIT,2850.00,6602.23,,AC100392,ACH,Miami FL
2025-11-16,2025-11-15,PUBLIX SUPER MARKET #0312 #5712 MIAMI BEACH FL,Groceries,DEBIT,-221.45,6380.78,,PO100393,POS,WYNWOOD FL
2025-11-17,2025-11-17,CRESTLINE EDU LOAN  AUTOPAY  ****3092,Loan Payment,DEBIT,-212.00,6168.78,,AC100394,ACH,Miami FL
2025-11-20,2025-11-20,LUMEN BANK CARD  AUTOPAY  ****6058,Credit Card Payment,DEBIT,-250.00,5918.78,,AC100395,ACH,Miami FL
2025-11-20,2025-11-19,STARBUCKS STORE 119 #6881 WYNWOOD FL,Restaurants,DEBIT,-67.27,5851.51,,PO100396,POS,DORAL FL
2025-11-22,2025-11-21,UBER EATS #1645 DORAL FL,Restaurants,DEBIT,-158.38,5693.13,,PO100397,POS,CORAL GABLES FL
2025-11-23,2025-11-22,TARGET 00027931 #7484 DORAL FL,Shopping,DEBIT,-17.11,5676.02,,PO100398,POS,MIAMI FL
2025-11-25,2025-11-24,WHOLE FOODS MKT BRICKELL #9138 DORAL FL,Groceries,DEBIT,-224.17,5451.85,,PO100399,POS,BRICKELL FL
2025-11-25,2025-11-24,WHOLE FOODS MKT BRICKELL #3153 MIAMI FL,Groceries,DEBIT,-147.04,5304.81,,PO100400,POS,DORAL FL
2025-11-25,2025-11-24,APPLE.COM/BILL #5295 WYNWOOD FL,Shopping,DEBIT,-97.88,5206.93,,PO100401,POS,CORAL GABLES FL
2025-11-26,2025-11-26,CHECK 1043,Check,DEBIT,-220.00,4986.93,1043,CH100402,CHECK,Miami FL
2025-11-28,2025-11-28,TRANSFER TO SAVINGS  ****8820,Transfer,DEBIT,-400.00,4586.93,,XF100403,XFER,Miami FL
2025-11-30,2025-11-30,PAYLANTIC PAYROLL  MARLIN BAY MEDIA  DIRECT DEP,Income,CREDIT,2252.23,6839.16,,AC100404,ACH,Miami FL
2025-12-01,2025-12-01,ZELLE TO AKERMAN PROPERTIES  RENT,Rent,DEBIT,-2200.00,4639.16,,AC100405,ACH,Miami FL
2025-12-02,2025-12-01,SHELL OIL 57544 #3159 MIAMI FL,Gas & Transport,DEBIT,-37.61,4601.55,,PO100406,POS,DORAL FL
2025-12-02,2025-12-01,CVS/PHARMACY 06441 #3854 DORAL FL,Health,DEBIT,-149.20,4452.35,,PO100407,POS,MIAMI FL
2025-12-02,2025-12-01,TARGET 00027931 #1996 CORAL GABLES FL,Shopping,DEBIT,-118.72,4333.63,,PO100408,POS,CORAL GABLES FL
2025-12-03,2025-12-03,ZELLE FROM J RIVERA,Transfer,CREDIT,1100.00,5433.63,,AC100409,ACH,Miami FL
2025-12-04,2025-12-03,GAMESTOP 3382  PURCHASE,Shopping,DEBIT,-318.99,5114.64,,PO100410,POS,Miami FL
2025-12-05,2025-12-04,NETFLIX.COM,Subscriptions,DEBIT,-15.99,5098.65,,PO100411,POS,Miami FL
2025-12-05,2025-12-04,TARGET 00027931 #2592 BRICKELL FL,Shopping,DEBIT,-244.05,4854.60,,PO100412,POS,WYNWOOD FL
2025-12-05,2025-12-04,AMAZON MKTPL US*RT #8450 MIAMI FL,Shopping,DEBIT,-56.23,4798.37,,PO100413,POS,MIAMI BEACH FL
2025-12-06,2025-12-05,Spotify USA,Subscriptions,DEBIT,-11.99,4786.38,,PO100414,POS,Miami FL
2025-12-06,2025-12-05,PUBLIX SUPER MARKET #0312 #3129 WYNWOOD FL,Groceries,DEBIT,-76.61,4709.77,,PO100415,POS,DORAL FL
2025-12-06,2025-12-05,GAMESTOP 3382  RETURN/REVERSAL,Shopping,CREDIT,318.99,5028.76,,PO100416,POS,Miami FL
2025-12-07,2025-12-06,OpenAI ChatGPT Plus,Subscriptions,DEBIT,-20.00,5008.76,,PO100417,POS,Miami FL
2025-12-08,2025-12-08,FPL ELECTRIC  AUTOPAY,Utilities,DEBIT,-128.44,4880.32,,AC100418,ACH,Miami FL
2025-12-08,2025-12-07,Apple iCloud+,Subscriptions,DEBIT,-2.99,4877.33,,PO100419,POS,Miami FL
2025-12-09,2025-12-09,XFINITY  INTERNET AUTOPAY,Utilities,DEBIT,-79.99,4797.34,,AC100420,ACH,Miami FL
2025-12-09,2025-12-08,NYTimes Digital,Subscriptions,DEBIT,-4.25,4793.09,,PO100421,POS,Miami FL
2025-12-09,2025-12-08,LYFT *RIDE WED #6942 MIAMI FL,Gas & Transport,DEBIT,-115.31,4677.78,,PO100422,POS,MIAMI BEACH FL
2025-12-09,2025-12-08,LYFT *RIDE WED #6383 BRICKELL FL,Gas & Transport,DEBIT,-148.63,4529.15,,PO100423,POS,WYNWOOD FL
2025-12-10,2025-12-10,MIAMI-DADE WATER & SEWER,Utilities,DEBIT,-41.20,4487.95,,AC100424,ACH,Miami FL
2025-12-10,2025-12-09,IRON PARADISE GYM,Health & Fitness,DEBIT,-49.00,4438.95,,PO100425,POS,Miami FL
2025-12-10,2025-12-09,TRADER JOE'S #748 #1536 MIAMI BEACH FL,Groceries,DEBIT,-230.80,4208.15,,PO100426,POS,DORAL FL
2025-12-10,2025-12-10,COINHAVEN MARKETS INC  ACH WITHDRAWAL,Transfer,CREDIT,2280.00,6488.15,,AC100427,ACH,Miami FL
2025-12-12,2025-12-12,T-MOBILE  AUTOPAY,Utilities,DEBIT,-85.00,6403.15,,AC100428,ACH,Miami FL
2025-12-13,2025-12-12,UBER EATS #9850 CORAL GABLES FL,Restaurants,DEBIT,-102.55,6300.60,,PO100429,POS,WYNWOOD FL
2025-12-13,2025-12-12,WALGREENS 4471 #9408 WYNWOOD FL,Health,DEBIT,-116.45,6184.15,,PO100430,POS,MIAMI FL
2025-12-15,2025-12-15,PAYLANTIC PAYROLL  MARLIN BAY MEDIA  DIRECT DEP,Income,CREDIT,2252.23,8436.38,,AC100431,ACH,Miami FL
2025-12-15,2025-12-14,AMERICAN AIR 0188  HOLIDAY TRAVEL,Travel,DEBIT,-904.00,7532.38,,PO100432,POS,Miami FL
2025-12-17,2025-12-17,CRESTLINE EDU LOAN  AUTOPAY  ****3092,Loan Payment,DEBIT,-212.00,7320.38,,AC100433,ACH,Miami FL
2025-12-17,2025-12-16,TRADER JOE'S #748 #8267 MIAMI FL,Groceries,DEBIT,-171.86,7148.52,,PO100434,POS,MIAMI FL
2025-12-18,2025-12-17,UBER EATS #2862 MIAMI BEACH FL,Restaurants,DEBIT,-184.82,6963.70,,PO100435,POS,MIAMI FL
2025-12-18,2025-12-17,BEST BUY 0477  HOLIDAY GIFTS,Shopping,DEBIT,-742.63,6221.07,,PO100436,POS,Miami FL
2025-12-20,2025-12-20,LUMEN BANK CARD  AUTOPAY  ****6058,Credit Card Payment,DEBIT,-250.00,5971.07,,AC100437,ACH,Miami FL
2025-12-21,2025-12-20,LYFT *RIDE WED #1349 MIAMI FL,Gas & Transport,DEBIT,-161.52,5809.55,,PO100438,POS,DORAL FL
2025-12-21,2025-12-20,APPLE.COM/BILL #1710 MIAMI BEACH FL,Shopping,DEBIT,-129.39,5680.16,,PO100439,POS,MIAMI BEACH FL
2025-12-21,2025-12-20,APPLE STORE BRICKELL  HOLIDAY,Shopping,DEBIT,-663.00,5017.16,,PO100440,POS,Miami FL
2025-12-22,2025-12-21,UBER EATS #2622 CORAL GABLES FL,Restaurants,DEBIT,-218.30,4798.86,,PO100441,POS,WYNWOOD FL
2025-12-22,2025-12-21,MIAMI PARKING AUTH #6876 MIAMI FL,Gas & Transport,DEBIT,-138.86,4660.00,,PO100442,POS,CORAL GABLES FL
2025-12-27,2025-12-26,CVS/PHARMACY 06441 #4362 MIAMI FL,Health,DEBIT,-242.40,4417.60,,PO100443,POS,WYNWOOD FL
2025-12-27,2025-12-26,BRICKELL CITY CENTRE  HOLIDAY SHOPPING,Shopping,DEBIT,-441.68,3975.92,,PO100444,POS,Miami FL
2025-12-28,2025-12-28,TRANSFER TO SAVINGS  ****8820,Transfer,DEBIT,-400.00,3575.92,,XF100445,XFER,Miami FL
2025-12-31,2025-12-31,PAYLANTIC PAYROLL  MARLIN BAY MEDIA  DIRECT DEP,Income,CREDIT,2252.23,5828.15,,AC100446,ACH,Miami FL
