posting_date,transaction_date,description,merchant_category,type,amount,running_balance,channel,reference_id,location
2025-01-01,2025-01-01,ACH MORTGAGE FIRSTMERIDIAN LN0731 250101,Mortgage,debit,-4569.67,16880.33,ACH,770996,
2025-01-03,2025-01-03,PEPCO ENERGY BILLPAY JAN-25,Utilities,debit,-191.04,16689.29,ACH,818646,
2025-01-04,2025-01-04,WASHINGTON GAS BILLPAY JAN-25,Utilities,debit,-178.0,16511.29,ACH,075395,
2025-01-05,2025-01-05,DC WATER BILLPAY JAN-25,Utilities,debit,-113.82,16397.47,ACH,435010,
2025-01-06,2025-01-06,ACH PAYROLL CARRASCO-VEGA 250106,Household Payroll,debit,-1939.35,14458.12,ACH,186452,
2025-01-06,2025-01-06,VERIZON FIOS INTERNET JAN-25,Utilities,debit,-89.99,14368.13,ACH,943661,
2025-01-07,2025-01-07,VERIZON WIRELESS PMT JAN-25,Utilities,debit,-181.77,14186.36,ACH,031721,
2025-01-07,2025-01-07,NETFLIX.COM,Streaming,debit,-24.99,14161.37,POS,415763,
2025-01-07,2025-01-07,SHELL OIL 14TH ST WASHINGTON DC 5009,Transportation,debit,-77.5,14083.87,POS,951080,Washington DC
2025-01-08,2025-01-08,SPOTIFY USA FAMILY,Streaming,debit,-19.99,14063.88,POS,822901,
2025-01-09,2025-01-09,NYTIMES DIGITAL SUBSCR,News/Media,debit,-25.0,14038.88,POS,621934,
2025-01-09,2025-01-09,EXXON 2200 NY AVE WASHINGTON DC 8421,Transportation,debit,-19.89,14018.99,POS,661142,Washington DC
2025-01-10,2025-01-10,TRANSFER FROM SAVINGS XXXXXX6620 158794,Transfer,credit,0.0,14018.99,ACH,179096,
2025-01-10,2025-01-10,TRANSFER FROM SAVINGS XXXXXX6620 260202,Transfer,credit,12000.0,26018.99,ACH,591054,
2025-01-10,2025-01-10,ACH TUITION CATHEDRAL HTS 250110,Education,debit,-12000.0,14018.99,ACH,525425,
2025-01-10,2025-01-10,APPLE.COM/BILL ICLOUD,Software,debit,-9.99,14009.0,POS,767457,
2025-01-10,2025-01-10,SAFEWAY #1410 WASHINGTON DC 7910,Groceries,debit,-244.69,13764.31,POS,058579,Washington DC
2025-01-10,2025-01-10,TARGET #2718 COLUMBIA HTS WASHINGTON DC 7314,Shopping,debit,-241.8,13522.51,POS,114143,Washington DC
2025-01-11,2025-01-11,PELOTON MEMBERSHIP,Health/Fitness,debit,-44.0,13478.51,POS,848172,
2025-01-12,2025-01-12,DISNEY PLUS,Streaming,debit,-15.99,13462.52,POS,180695,
2025-01-12,2025-01-12,UBER TRIP WASHINGTON DC 7522,Transportation,debit,-24.29,13438.23,POS,608237,Washington DC
2025-01-15,2025-01-15,DIR DEP DOJ NFC PAY PPD250115,Payroll,credit,4745.56,18183.79,ACH,910640,
2025-01-15,2025-01-15,DIR DEP POTOMAC GEN PAYROLL 250115,Payroll,credit,5727.85,23911.64,ACH,507061,
2025-01-21,2025-01-21,ACH PAYROLL CARRASCO-VEGA 250121,Household Payroll,debit,-1939.35,21972.29,ACH,268694,
2025-01-22,2025-01-22,ZELLE PMT TO SITTER PETTY CASH 910382,Transfer,debit,-77.9,21894.39,ACH,931750,
2025-01-24,2025-01-24,AUTOPAY CAP ONE VENTURE 8841 250124,Credit Card Pmt,debit,-2145.3,19749.09,ACH,594433,
2025-01-27,2025-01-27,WHOLE FOODS MKT #10234 WASHINGTON DC 0565,Groceries,debit,-200.88,19548.21,POS,362490,Washington DC
2025-01-31,2025-01-31,DIR DEP DOJ NFC PAY PPD250131,Payroll,credit,4745.56,24293.77,ACH,056041,
2025-01-31,2025-01-31,DIR DEP POTOMAC GEN PAYROLL 250131,Payroll,credit,5727.85,30021.62,ACH,540561,
2025-02-01,2025-02-01,ACH MORTGAGE FIRSTMERIDIAN LN0731 250201,Mortgage,debit,-4569.67,25451.95,ACH,853288,
2025-02-02,2025-02-02,SHELL OIL 14TH ST WASHINGTON DC 2340,Transportation,debit,-75.05,25376.9,POS,234096,Washington DC
2025-02-03,2025-02-03,PEPCO ENERGY BILLPAY FEB-25,Utilities,debit,-217.14,25159.76,ACH,307084,
2025-02-04,2025-02-04,WASHINGTON GAS BILLPAY FEB-25,Utilities,debit,-165.0,24994.76,ACH,659505,
2025-02-05,2025-02-05,DC WATER BILLPAY FEB-25,Utilities,debit,-97.0,24897.76,ACH,143281,
2025-02-06,2025-02-06,ACH PAYROLL CARRASCO-VEGA 250206,Household Payroll,debit,-1939.35,22958.41,ACH,968093,
2025-02-06,2025-02-06,VERIZON FIOS INTERNET FEB-25,Utilities,debit,-89.99,22868.42,ACH,549222,
2025-02-07,2025-02-07,VERIZON WIRELESS PMT FEB-25,Utilities,debit,-181.45,22686.97,ACH,819239,
2025-02-07,2025-02-07,NETFLIX.COM,Streaming,debit,-24.99,22661.98,POS,895303,
2025-02-08,2025-02-08,SPOTIFY USA FAMILY,Streaming,debit,-19.99,22641.99,POS,964667,
2025-02-09,2025-02-09,NYTIMES DIGITAL SUBSCR,News/Media,debit,-25.0,22616.99,POS,746499,
2025-02-10,2025-02-10,ACH TUITION CATHEDRAL HTS 250210,Education,debit,-12000.0,10616.99,ACH,924880,
2025-02-10,2025-02-10,APPLE.COM/BILL ICLOUD,Software,debit,-9.99,10607.0,POS,306788,
2025-02-10,2025-02-10,ATM WITHDRAWAL 14TH ST NW 0445,Cash,debit,-300.0,10307.0,ATM,009203,Washington DC
2025-02-11,2025-02-11,PELOTON MEMBERSHIP,Health/Fitness,debit,-44.0,10263.0,POS,016449,
2025-02-11,2025-02-11,RASIKA RESTAURANT WASHINGTON DC 4911,Dining,debit,-68.84,10194.16,POS,314911,Washington DC
2025-02-12,2025-02-12,DISNEY PLUS,Streaming,debit,-15.99,10178.17,POS,790916,
2025-02-14,2025-02-14,ZELLE PMT TO SITTER PETTY CASH 437167,Transfer,debit,-176.89,10001.28,ACH,124125,
2025-02-15,2025-02-15,DIR DEP DOJ NFC PAY PPD250215,Payroll,credit,4745.56,14746.84,ACH,106108,
2025-02-15,2025-02-15,DIR DEP POTOMAC GEN PAYROLL 250215,Payroll,credit,5727.85,20474.69,ACH,732720,
2025-02-16,2025-02-16,TRANSFER TO MERIDIAN BRKG Z18 434223,Transfer/Investment,debit,-250.0,20224.69,ACH,847479,
2025-02-21,2025-02-21,ACH PAYROLL CARRASCO-VEGA 250221,Household Payroll,debit,-1939.35,18285.34,ACH,597921,
2025-02-22,2025-02-22,COLONIAL PARKING WASHINGTON DC 7614,Transportation,debit,-99.07,18186.27,POS,264879,Washington DC
2025-02-24,2025-02-24,AUTOPAY CAP ONE VENTURE 8841 250224,Credit Card Pmt,debit,-2549.65,15636.62,ACH,409868,
2025-02-24,2025-02-24,WMATA SMARTRIP RELOAD WASHINGTON DC 0384,Transportation,debit,-81.68,15554.94,POS,298022,Washington DC
2025-02-24,2025-02-24,TARGET #2718 COLUMBIA HTS WASHINGTON DC 8891,Shopping,debit,-202.5,15352.44,POS,325708,Washington DC
2025-02-27,2025-02-27,CVS/PHARMACY #04417 WASHINGTON DC 2143,Shopping,debit,-257.24,15095.2,POS,227504,Washington DC
2025-02-28,2025-02-28,DIR DEP DOJ NFC PAY PPD250228,Payroll,credit,4745.56,19840.76,ACH,408362,
2025-02-28,2025-02-28,DIR DEP POTOMAC GEN PAYROLL 250228,Payroll,credit,5727.85,25568.61,ACH,240668,
2025-03-01,2025-03-01,ACH MORTGAGE FIRSTMERIDIAN LN0731 250301,Mortgage,debit,-4569.67,20998.94,ACH,367793,
2025-03-03,2025-03-03,PEPCO ENERGY BILLPAY MAR-25,Utilities,debit,-230.46,20768.48,ACH,587394,
2025-03-04,2025-03-04,WASHINGTON GAS BILLPAY MAR-25,Utilities,debit,-131.0,20637.48,ACH,874729,
2025-03-05,2025-03-05,DC WATER BILLPAY MAR-25,Utilities,debit,-111.53,20525.95,ACH,832629,
2025-03-06,2025-03-06,ACH PAYROLL CARRASCO-VEGA 250306,Household Payroll,debit,-1939.35,18586.6,ACH,784292,
2025-03-06,2025-03-06,VERIZON FIOS INTERNET MAR-25,Utilities,debit,-89.99,18496.61,ACH,217743,
2025-03-07,2025-03-07,VERIZON WIRELESS PMT MAR-25,Utilities,debit,-188.43,18308.18,ACH,659339,
2025-03-07,2025-03-07,NETFLIX.COM,Streaming,debit,-24.99,18283.19,POS,059618,
2025-03-08,2025-03-08,SPOTIFY USA FAMILY,Streaming,debit,-19.99,18263.2,POS,100492,
2025-03-09,2025-03-09,NYTIMES DIGITAL SUBSCR,News/Media,debit,-25.0,18238.2,POS,917780,
2025-03-10,2025-03-10,ACH TUITION CATHEDRAL HTS 250310,Education,debit,-12000.0,6238.2,ACH,435857,
2025-03-10,2025-03-10,APPLE.COM/BILL ICLOUD,Software,debit,-9.99,6228.21,POS,254034,
2025-03-11,2025-03-11,PELOTON MEMBERSHIP,Health/Fitness,debit,-44.0,6184.21,POS,440996,
2025-03-12,2025-03-12,DISNEY PLUS,Streaming,debit,-15.99,6168.22,POS,474711,
2025-03-12,2025-03-12,ZELLE PMT TO SITTER PETTY CASH 702244,Transfer,debit,-178.96,5989.26,ACH,178294,
2025-03-12,2025-03-12,LE DIPLOMATE DC WASHINGTON DC 7741,Dining,debit,-218.4,5770.86,POS,610470,Washington DC
2025-03-13,2025-03-13,WMATA SMARTRIP RELOAD WASHINGTON DC 0448,Transportation,debit,-85.76,5685.1,POS,875950,Washington DC
2025-03-14,2025-03-14,LE DIPLOMATE DC REVERSAL 7741,Dining,credit,218.4,5903.5,POS,983051,Washington DC
2025-03-14,2025-03-14,EXXON 2200 NY AVE WASHINGTON DC 0264,Transportation,debit,-72.15,5831.35,POS,418516,Washington DC
2025-03-15,2025-03-15,DIR DEP DOJ NFC PAY PPD250315,Payroll,credit,4745.56,10576.91,ACH,973258,
2025-03-15,2025-03-15,DIR DEP POTOMAC GEN PAYROLL 250315,Payroll,credit,5727.85,16304.76,ACH,887545,
2025-03-15,2025-03-15,NIKE.COM WASHINGTON DC 4813,Shopping,debit,-121.51,16183.25,POS,640918,Washington DC
2025-03-17,2025-03-17,REI CO-OP DC WASHINGTON DC 9372,Shopping,debit,-23.36,16159.89,POS,186824,Washington DC
2025-03-21,2025-03-21,ACH PAYROLL CARRASCO-VEGA 250321,Household Payroll,debit,-1939.35,14220.54,ACH,947186,
2025-03-24,2025-03-24,AUTOPAY CAP ONE VENTURE 8841 250324,Credit Card Pmt,debit,-2288.8,11931.74,ACH,020969,
2025-03-27,2025-03-27,DISTRICT TACO 14TH ST WASHINGTON DC 6900,Dining,debit,-47.72,11884.02,POS,089343,Washington DC
2025-03-27,2025-03-27,WEST ELM 14TH ST WASHINGTON DC 7434,Shopping,debit,-85.53,11798.49,POS,380282,Washington DC
2025-03-31,2025-03-31,DIR DEP DOJ NFC PAY PPD250331,Payroll,credit,4745.56,16544.05,ACH,048183,
2025-03-31,2025-03-31,DIR DEP POTOMAC GEN PAYROLL 250331,Payroll,credit,5727.85,22271.9,ACH,078423,
2025-04-01,2025-04-01,ACH MORTGAGE FIRSTMERIDIAN LN0731 250401,Mortgage,debit,-4569.67,17702.23,ACH,916512,
2025-04-03,2025-04-03,PEPCO ENERGY BILLPAY APR-25,Utilities,debit,-256.54,17445.69,ACH,554038,
2025-04-03,2025-04-03,TARGET #2718 COLUMBIA HTS WASHINGTON DC 4999,Shopping,debit,-27.67,17418.02,POS,269272,Washington DC
2025-04-04,2025-04-04,WASHINGTON GAS BILLPAY APR-25,Utilities,debit,-96.0,17322.02,ACH,609474,
2025-04-05,2025-04-05,DC WATER BILLPAY APR-25,Utilities,debit,-109.75,17212.27,ACH,436974,
2025-04-06,2025-04-06,ACH PAYROLL CARRASCO-VEGA 250406,Household Payroll,debit,-1939.35,15272.92,ACH,696162,
2025-04-06,2025-04-06,VERIZON FIOS INTERNET APR-25,Utilities,debit,-89.99,15182.93,ACH,332509,
2025-04-06,2025-04-06,NIKE.COM WASHINGTON DC 8459,Shopping,debit,-22.08,15160.85,POS,386400,Washington DC
2025-04-07,2025-04-07,VERIZON WIRELESS PMT APR-25,Utilities,debit,-186.35,14974.5,ACH,325509,
2025-04-07,2025-04-07,NETFLIX.COM,Streaming,debit,-24.99,14949.51,POS,800810,
2025-04-08,2025-04-08,SPOTIFY USA FAMILY,Streaming,debit,-19.99,14929.52,POS,758741,
2025-04-09,2025-04-09,NYTIMES DIGITAL SUBSCR,News/Media,debit,-25.0,14904.52,POS,009271,
2025-04-09,2025-04-09,ATM WITHDRAWAL 14TH ST NW 1456,Cash,debit,-200.0,14704.52,ATM,469521,Washington DC
2025-04-10,2025-04-10,ACH TUITION CATHEDRAL HTS 250410,Education,debit,-12000.0,2704.52,ACH,565772,
2025-04-10,2025-04-10,APPLE.COM/BILL ICLOUD,Software,debit,-9.99,2694.53,POS,889254,
2025-04-11,2025-04-11,PELOTON MEMBERSHIP,Health/Fitness,debit,-44.0,2650.53,POS,865087,
2025-04-12,2025-04-12,DISNEY PLUS,Streaming,debit,-15.99,2634.54,POS,870455,
2025-04-15,2025-04-15,DIR DEP DOJ NFC PAY PPD250415,Payroll,credit,4745.56,7380.1,ACH,877346,
2025-04-15,2025-04-15,DIR DEP POTOMAC GEN PAYROLL 250415,Payroll,credit,5727.85,13107.95,ACH,050217,
2025-04-15,2025-04-15,JENIS ICE CREAM WASHINGTON DC 9855,Dining,debit,-110.68,12997.27,POS,115476,Washington DC
2025-04-15,2025-04-15,ZELLE PMT TO M OKAFOR 718936,Transfer,debit,-145.65,12851.62,ACH,532304,
2025-04-16,2025-04-16,TRANSFER TO MERIDIAN BRKG Z18 442042,Transfer/Investment,debit,-250.0,12601.62,ACH,572983,
2025-04-16,2025-04-16,LE DIPLOMATE DC WASHINGTON DC 4906,Dining,debit,-67.43,12534.19,POS,233858,Washington DC
2025-04-21,2025-04-21,ACH PAYROLL CARRASCO-VEGA 250421,Household Payroll,debit,-1939.35,10594.84,ACH,741399,
2025-04-24,2025-04-24,AUTOPAY CAP ONE VENTURE 8841 250424,Credit Card Pmt,debit,-2266.68,8328.16,ACH,012267,
2025-04-24,2025-04-24,LYFT RIDE WASHINGTON DC 4449,Transportation,debit,-24.67,8303.49,POS,696800,Washington DC
2025-04-26,2025-04-26,CVS/PHARMACY #04417 WASHINGTON DC 8645,Shopping,debit,-41.3,8262.19,POS,401346,Washington DC
2025-04-30,2025-04-30,DIR DEP DOJ NFC PAY PPD250430,Payroll,credit,4745.56,13007.75,ACH,945934,
2025-04-30,2025-04-30,DIR DEP POTOMAC GEN PAYROLL 250430,Payroll,credit,5727.85,18735.6,ACH,624598,
2025-05-01,2025-05-01,ACH MORTGAGE FIRSTMERIDIAN LN0731 250501,Mortgage,debit,-4569.67,14165.93,ACH,473539,
2025-05-03,2025-05-03,PEPCO ENERGY BILLPAY MAY-25,Utilities,debit,-226.76,13939.17,ACH,581998,
2025-05-04,2025-05-04,WASHINGTON GAS BILLPAY MAY-25,Utilities,debit,-62.0,13877.17,ACH,353095,
2025-05-04,2025-05-04,COMPASS COFFEE WASHINGTON DC 5765,Dining,debit,-56.95,13820.22,POS,229431,Washington DC
2025-05-05,2025-05-05,DC WATER BILLPAY MAY-25,Utilities,debit,-83.35,13736.87,ACH,653743,
2025-05-06,2025-05-06,ACH PAYROLL CARRASCO-VEGA 250506,Household Payroll,debit,-1939.35,11797.52,ACH,026759,
2025-05-06,2025-05-06,VERIZON FIOS INTERNET MAY-25,Utilities,debit,-89.99,11707.53,ACH,168590,
2025-05-07,2025-05-07,VERIZON WIRELESS PMT MAY-25,Utilities,debit,-198.36,11509.17,ACH,207161,
2025-05-07,2025-05-07,NETFLIX.COM,Streaming,debit,-24.99,11484.18,POS,092757,
2025-05-07,2025-05-07,SHELL OIL 14TH ST WASHINGTON DC 4130,Transportation,debit,-42.88,11441.3,POS,877230,Washington DC
2025-05-08,2025-05-08,SPOTIFY USA FAMILY,Streaming,debit,-19.99,11421.31,POS,559529,
2025-05-09,2025-05-09,NYTIMES DIGITAL SUBSCR,News/Media,debit,-25.0,11396.31,POS,739098,
2025-05-10,2025-05-10,TRANSFER FROM SAVINGS XXXXXX6620 351055,Transfer,credit,3000.0,14396.31,ACH,326854,
2025-05-10,2025-05-10,TRANSFER FROM SAVINGS XXXXXX6620 340113,Transfer,credit,12000.0,26396.31,ACH,245289,
2025-05-10,2025-05-10,ACH TUITION CATHEDRAL HTS 250510,Education,debit,-12000.0,14396.31,ACH,805215,
2025-05-10,2025-05-10,APPLE.COM/BILL ICLOUD,Software,debit,-9.99,14386.32,POS,876244,
2025-05-11,2025-05-11,PELOTON MEMBERSHIP,Health/Fitness,debit,-44.0,14342.32,POS,699900,
2025-05-12,2025-05-12,DISNEY PLUS,Streaming,debit,-15.99,14326.33,POS,258877,
2025-05-12,2025-05-12,EXXON 2200 NY AVE WASHINGTON DC 5171,Transportation,debit,-76.57,14249.76,POS,441508,Washington DC
2025-05-13,2025-05-13,JENIS ICE CREAM WASHINGTON DC 8109,Dining,debit,-82.87,14166.89,POS,251845,Washington DC
2025-05-14,2025-05-14,ZELLE PMT TO M OKAFOR 468754,Transfer,debit,-62.54,14104.35,ACH,044147,
2025-05-15,2025-05-15,DIR DEP DOJ NFC PAY PPD250515,Payroll,credit,4745.56,18849.91,ACH,456492,
2025-05-15,2025-05-15,DIR DEP POTOMAC GEN PAYROLL 250515,Payroll,credit,5727.85,24577.76,ACH,246780,
2025-05-19,2025-05-19,DISTRICT TACO 14TH ST WASHINGTON DC 3649,Dining,debit,-48.16,24529.6,POS,245700,Washington DC
2025-05-21,2025-05-21,ACH PAYROLL CARRASCO-VEGA 250521,Household Payroll,debit,-1939.35,22590.25,ACH,572175,
2025-05-24,2025-05-24,AUTOPAY CAP ONE VENTURE 8841 250524,Credit Card Pmt,debit,-3042.67,19547.58,ACH,036477,
2025-05-25,2025-05-25,TARGET #2718 COLUMBIA HTS WASHINGTON DC 8921,Shopping,debit,-110.31,19437.27,POS,681340,Washington DC
2025-05-31,2025-05-31,DIR DEP DOJ NFC PAY PPD250531,Payroll,credit,4745.56,24182.83,ACH,675829,
2025-05-31,2025-05-31,DIR DEP POTOMAC GEN PAYROLL 250531,Payroll,credit,5727.85,29910.68,ACH,664513,
2025-06-01,2025-06-01,ACH MORTGAGE FIRSTMERIDIAN LN0731 250601,Mortgage,debit,-4569.67,25341.01,ACH,583925,
2025-06-03,2025-06-03,PEPCO ENERGY BILLPAY JUN-25,Utilities,debit,-280.94,25060.07,ACH,695434,
2025-06-03,2025-06-03,HARRIS TEETER #0712 WASHINGTON DC 3233,Groceries,debit,-137.43,24922.64,POS,671828,Washington DC
2025-06-04,2025-06-04,WASHINGTON GAS BILLPAY JUN-25,Utilities,debit,-48.0,24874.64,ACH,674435,
2025-06-05,2025-06-05,DC WATER BILLPAY JUN-25,Utilities,debit,-101.2,24773.44,ACH,581884,
2025-06-06,2025-06-06,ACH PAYROLL CARRASCO-VEGA 250606,Household Payroll,debit,-1939.35,22834.09,ACH,116771,
2025-06-06,2025-06-06,VERIZON FIOS INTERNET JUN-25,Utilities,debit,-89.99,22744.1,ACH,680398,
2025-06-07,2025-06-07,VERIZON WIRELESS PMT JUN-25,Utilities,debit,-195.06,22549.04,ACH,327043,
2025-06-07,2025-06-07,NETFLIX.COM,Streaming,debit,-24.99,22524.05,POS,736751,
2025-06-08,2025-06-08,SPOTIFY USA FAMILY,Streaming,debit,-19.99,22504.06,POS,856390,
2025-06-08,2025-06-08,CAVA 14TH STREET WASHINGTON DC 4160,Dining,debit,-18.93,22485.13,POS,848894,Washington DC
2025-06-09,2025-06-09,NYTIMES DIGITAL SUBSCR,News/Media,debit,-25.0,22460.13,POS,058421,
2025-06-10,2025-06-10,APPLE.COM/BILL ICLOUD,Software,debit,-9.99,22450.14,POS,450116,
2025-06-11,2025-06-11,PELOTON MEMBERSHIP,Health/Fitness,debit,-44.0,22406.14,POS,524363,
2025-06-11,2025-06-11,CVS/PHARMACY #04417 WASHINGTON DC 2712,Shopping,debit,-61.41,22344.73,POS,991785,Washington DC
2025-06-12,2025-06-12,DISNEY PLUS,Streaming,debit,-15.99,22328.74,POS,694994,
2025-06-15,2025-06-15,DIR DEP DOJ NFC PAY PPD250615,Payroll,credit,4745.56,27074.3,ACH,107121,
2025-06-15,2025-06-15,DIR DEP POTOMAC GEN PAYROLL 250615,Payroll,credit,5727.85,32802.15,ACH,244652,
2025-06-16,2025-06-16,TRANSFER TO MERIDIAN BRKG Z18 509344,Transfer/Investment,debit,-250.0,32552.15,ACH,446734,
2025-06-17,2025-06-17,JENIS ICE CREAM WASHINGTON DC 7180,Dining,debit,-30.23,32521.92,POS,292852,Washington DC
2025-06-19,2025-06-19,TARGET #2718 COLUMBIA HTS WASHINGTON DC 7683,Shopping,debit,-74.55,32447.37,POS,963299,Washington DC
2025-06-20,2025-06-20,ATM WITHDRAWAL 14TH ST NW 0279,Cash,debit,-100.0,32347.37,ATM,368500,Washington DC
2025-06-21,2025-06-21,ACH PAYROLL CARRASCO-VEGA 250621,Household Payroll,debit,-1939.35,30408.02,ACH,358171,
2025-06-23,2025-06-23,ZELLE PMT TO M OKAFOR 979310,Transfer,debit,-76.95,30331.07,ACH,372643,
2025-06-24,2025-06-24,AUTOPAY CAP ONE VENTURE 8841 250624,Credit Card Pmt,debit,-2890.91,27440.16,ACH,203144,
2025-06-27,2025-06-27,&PIZZA LOGAN CIR WASHINGTON DC 9596,Dining,debit,-60.59,27379.57,POS,208922,Washington DC
2025-06-30,2025-06-30,DIR DEP DOJ NFC PAY PPD250630,Payroll,credit,4745.56,32125.13,ACH,175176,
2025-06-30,2025-06-30,DIR DEP POTOMAC GEN PAYROLL 250630,Payroll,credit,5727.85,37852.98,ACH,020351,
2025-07-01,2025-07-01,ACH MORTGAGE FIRSTMERIDIAN LN0731 250701,Mortgage,debit,-4569.67,33283.31,ACH,155125,
2025-07-03,2025-07-03,PEPCO ENERGY BILLPAY JUL-25,Utilities,debit,-243.57,33039.74,ACH,872815,
2025-07-04,2025-07-04,WASHINGTON GAS BILLPAY JUL-25,Utilities,debit,-46.0,32993.74,ACH,439095,
2025-07-04,2025-07-04,CVS/PHARMACY #04417 WASHINGTON DC 2131,Shopping,debit,-161.3,32832.44,POS,735204,Washington DC
2025-07-04,2025-07-04,CVS/PHARMACY #04417 WASHINGTON DC 8679,Shopping,debit,-126.98,32705.46,POS,301657,Washington DC
2025-07-05,2025-07-05,DC WATER BILLPAY JUL-25,Utilities,debit,-117.4,32588.06,ACH,992673,
2025-07-06,2025-07-06,ACH PAYROLL CARRASCO-VEGA 250706,Household Payroll,debit,-1939.35,30648.71,ACH,498622,
2025-07-06,2025-07-06,VERIZON FIOS INTERNET JUL-25,Utilities,debit,-89.99,30558.72,ACH,736674,
2025-07-07,2025-07-07,VERIZON WIRELESS PMT JUL-25,Utilities,debit,-186.99,30371.73,ACH,569880,
2025-07-07,2025-07-07,NETFLIX.COM,Streaming,debit,-24.99,30346.74,POS,218485,
2025-07-08,2025-07-08,SPOTIFY USA FAMILY,Streaming,debit,-19.99,30326.75,POS,201967,
2025-07-09,2025-07-09,NYTIMES DIGITAL SUBSCR,News/Media,debit,-25.0,30301.75,POS,961125,
2025-07-10,2025-07-10,APPLE.COM/BILL ICLOUD,Software,debit,-9.99,30291.76,POS,810176,
2025-07-11,2025-07-11,PELOTON MEMBERSHIP,Health/Fitness,debit,-44.0,30247.76,POS,180152,
2025-07-12,2025-07-12,DISNEY PLUS,Streaming,debit,-15.99,30231.77,POS,226699,
2025-07-12,2025-07-12,TARGET #2718 COLUMBIA HTS WASHINGTON DC 9439,Shopping,debit,-192.32,30039.45,POS,603080,Washington DC
2025-07-15,2025-07-15,DIR DEP DOJ NFC PAY PPD250715,Payroll,credit,4745.56,34785.01,ACH,577578,
2025-07-15,2025-07-15,DIR DEP POTOMAC GEN PAYROLL 250715,Payroll,credit,5727.85,40512.86,ACH,369437,
2025-07-18,2025-07-18,LYFT RIDE WASHINGTON DC 7034,Transportation,debit,-70.81,40442.05,POS,528967,Washington DC
2025-07-21,2025-07-21,ACH PAYROLL CARRASCO-VEGA 250721,Household Payroll,debit,-1939.35,38502.7,ACH,483241,
2025-07-22,2025-07-22,HARRIS TEETER #0712 WASHINGTON DC 8500,Groceries,debit,-212.12,38290.58,POS,930216,Washington DC
2025-07-23,2025-07-23,WHOLE FOODS MKT #10234 WASHINGTON DC 2718,Groceries,debit,-24.36,38266.22,POS,917695,Washington DC
2025-07-24,2025-07-24,AUTOPAY CAP ONE VENTURE 8841 250724,Credit Card Pmt,debit,-2913.85,35352.37,ACH,749987,
2025-07-24,2025-07-24,ZELLE PMT TO SITTER PETTY CASH 135023,Transfer,debit,-168.53,35183.84,ACH,645797,
2025-07-31,2025-07-31,DIR DEP DOJ NFC PAY PPD250731,Payroll,credit,4745.56,39929.4,ACH,599453,
2025-07-31,2025-07-31,DIR DEP POTOMAC GEN PAYROLL 250731,Payroll,credit,5727.85,45657.25,ACH,821363,
2025-08-01,2025-08-01,ACH MORTGAGE FIRSTMERIDIAN LN0731 250801,Mortgage,debit,-4569.67,41087.58,ACH,636554,
2025-08-03,2025-08-03,PEPCO ENERGY BILLPAY AUG-25,Utilities,debit,-259.13,40828.45,ACH,605342,
2025-08-04,2025-08-04,WASHINGTON GAS BILLPAY AUG-25,Utilities,debit,-49.0,40779.45,ACH,316771,
2025-08-05,2025-08-05,DC WATER BILLPAY AUG-25,Utilities,debit,-114.1,40665.35,ACH,647812,
2025-08-06,2025-08-06,ACH PAYROLL CARRASCO-VEGA 250806,Household Payroll,debit,-1939.35,38726.0,ACH,559673,
2025-08-06,2025-08-06,VERIZON FIOS INTERNET AUG-25,Utilities,debit,-89.99,38636.01,ACH,692232,
2025-08-07,2025-08-07,VERIZON WIRELESS PMT AUG-25,Utilities,debit,-188.55,38447.46,ACH,048820,
2025-08-07,2025-08-07,NETFLIX.COM,Streaming,debit,-24.99,38422.47,POS,122737,
2025-08-07,2025-08-07,WMATA SMARTRIP RELOAD WASHINGTON DC 2497,Transportation,debit,-33.79,38388.68,POS,153531,Washington DC
2025-08-08,2025-08-08,SPOTIFY USA FAMILY,Streaming,debit,-19.99,38368.69,POS,515408,
2025-08-09,2025-08-09,NYTIMES DIGITAL SUBSCR,News/Media,debit,-25.0,38343.69,POS,566445,
2025-08-09,2025-08-09,WALGREENS #6621 WASHINGTON DC 5666,Shopping,debit,-208.34,38135.35,POS,973388,Washington DC
2025-08-09,2025-08-09,WMATA SMARTRIP RELOAD WASHINGTON DC 8627,Transportation,debit,-99.48,38035.87,POS,362546,Washington DC
2025-08-10,2025-08-10,ACH TUITION CATHEDRAL HTS 250810,Education,debit,-12000.0,26035.87,ACH,689749,
2025-08-10,2025-08-10,APPLE.COM/BILL ICLOUD,Software,debit,-9.99,26025.88,POS,001925,
2025-08-11,2025-08-11,PELOTON MEMBERSHIP,Health/Fitness,debit,-44.0,25981.88,POS,455583,
2025-08-11,2025-08-11,ATM WITHDRAWAL 14TH ST NW 2141,Cash,debit,-200.0,25781.88,ATM,861388,Washington DC
2025-08-12,2025-08-12,DISNEY PLUS,Streaming,debit,-15.99,25765.89,POS,480270,
2025-08-14,2025-08-14,ZELLE PMT TO SITTER PETTY CASH 522627,Transfer,debit,-76.31,25689.58,ACH,547381,
2025-08-15,2025-08-15,DIR DEP DOJ NFC PAY PPD250815,Payroll,credit,4745.56,30435.14,ACH,897720,
2025-08-15,2025-08-15,DIR DEP POTOMAC GEN PAYROLL 250815,Payroll,credit,5727.85,36162.99,ACH,135232,
2025-08-18,2025-08-18,CAVA 14TH STREET WASHINGTON DC 6881,Dining,debit,-37.6,36125.39,POS,018245,Washington DC
2025-08-18,2025-08-18,LE DIPLOMATE DC WASHINGTON DC 2331,Dining,debit,-37.01,36088.38,POS,999810,Washington DC
2025-08-21,2025-08-21,ACH PAYROLL CARRASCO-VEGA 250821,Household Payroll,debit,-1939.35,34149.03,ACH,541246,
2025-08-23,2025-08-23,NIKE.COM WASHINGTON DC 8269,Shopping,debit,-187.76,33961.27,POS,218839,Washington DC
2025-08-24,2025-08-24,AUTOPAY CAP ONE VENTURE 8841 250824,Credit Card Pmt,debit,-2279.6,31681.67,ACH,444719,
2025-08-31,2025-08-31,DIR DEP DOJ NFC PAY PPD250831,Payroll,credit,4745.56,36427.23,ACH,206119,
2025-08-31,2025-08-31,DIR DEP POTOMAC GEN PAYROLL 250831,Payroll,credit,5727.85,42155.08,ACH,067893,
2025-09-01,2025-09-01,ACH MORTGAGE FIRSTMERIDIAN LN0731 250901,Mortgage,debit,-4569.67,37585.41,ACH,075607,
2025-09-03,2025-09-03,PEPCO ENERGY BILLPAY SEP-25,Utilities,debit,-236.8,37348.61,ACH,277129,
2025-09-04,2025-09-04,WASHINGTON GAS BILLPAY SEP-25,Utilities,debit,-58.0,37290.61,ACH,938373,
2025-09-05,2025-09-05,DC WATER BILLPAY SEP-25,Utilities,debit,-86.52,37204.09,ACH,523515,
2025-09-06,2025-09-06,ACH PAYROLL CARRASCO-VEGA 250906,Household Payroll,debit,-1939.35,35264.74,ACH,107235,
2025-09-06,2025-09-06,VERIZON FIOS INTERNET SEP-25,Utilities,debit,-89.99,35174.75,ACH,714003,
2025-09-07,2025-09-07,VERIZON WIRELESS PMT SEP-25,Utilities,debit,-200.83,34973.92,ACH,235055,
2025-09-07,2025-09-07,NETFLIX.COM,Streaming,debit,-24.99,34948.93,POS,205722,
2025-09-08,2025-09-08,SPOTIFY USA FAMILY,Streaming,debit,-19.99,34928.94,POS,608995,
2025-09-09,2025-09-09,NYTIMES DIGITAL SUBSCR,News/Media,debit,-25.0,34903.94,POS,308126,
2025-09-10,2025-09-10,ACH TUITION CATHEDRAL HTS 250910,Education,debit,-12000.0,22903.94,ACH,699997,
2025-09-10,2025-09-10,APPLE.COM/BILL ICLOUD,Software,debit,-9.99,22893.95,POS,075186,
2025-09-10,2025-09-10,COMPASS COFFEE WASHINGTON DC 9377,Dining,debit,-28.92,22865.03,POS,285216,Washington DC
2025-09-11,2025-09-11,PELOTON MEMBERSHIP,Health/Fitness,debit,-44.0,22821.03,POS,057033,
2025-09-12,2025-09-12,DISNEY PLUS,Streaming,debit,-15.99,22805.04,POS,260375,
2025-09-15,2025-09-15,DIR DEP DOJ NFC PAY PPD250915,Payroll,credit,4745.56,27550.6,ACH,501206,
2025-09-15,2025-09-15,DIR DEP POTOMAC GEN PAYROLL 250915,Payroll,credit,5727.85,33278.45,ACH,212581,
2025-09-15,2025-09-15,WEST ELM 14TH ST WASHINGTON DC 3768,Shopping,debit,-161.26,33117.19,POS,821670,Washington DC
2025-09-16,2025-09-16,TRANSFER TO MERIDIAN BRKG Z18 115389,Transfer/Investment,debit,-250.0,32867.19,ACH,744327,
2025-09-17,2025-09-17,ZELLE PMT TO M OKAFOR 871195,Transfer,debit,-87.15,32780.04,ACH,924445,
2025-09-18,2025-09-18,TRADER JOES #648 WASHINGTON DC 8450,Groceries,debit,-115.63,32664.41,POS,757757,Washington DC
2025-09-21,2025-09-21,ACH PAYROLL CARRASCO-VEGA 250921,Household Payroll,debit,-1939.35,30725.06,ACH,118808,
2025-09-22,2025-09-22,LE DIPLOMATE DC WASHINGTON DC 6959,Dining,debit,-19.52,30705.54,POS,849326,Washington DC
2025-09-23,2025-09-23,COSTCO WHSE #1180 WASHINGTON DC 2981,Groceries,debit,-35.27,30670.27,POS,488103,Washington DC
2025-09-24,2025-09-24,AUTOPAY CAP ONE VENTURE 8841 250924,Credit Card Pmt,debit,-2132.39,28537.88,ACH,481996,
2025-09-24,2025-09-24,SHELL OIL 14TH ST WASHINGTON DC 9053,Transportation,debit,-53.94,28483.94,POS,348514,Washington DC
2025-09-30,2025-09-30,DIR DEP DOJ NFC PAY PPD250930,Payroll,credit,4745.56,33229.5,ACH,644663,
2025-09-30,2025-09-30,DIR DEP POTOMAC GEN PAYROLL 250930,Payroll,credit,5727.85,38957.35,ACH,869608,
2025-10-01,2025-10-01,ACH MORTGAGE FIRSTMERIDIAN LN0731 251001,Mortgage,debit,-4569.67,34387.68,ACH,326786,
2025-10-03,2025-10-03,PEPCO ENERGY BILLPAY OCT-25,Utilities,debit,-275.65,34112.03,ACH,692974,
2025-10-03,2025-10-03,TARGET #2718 COLUMBIA HTS WASHINGTON DC 4080,Shopping,debit,-176.34,33935.69,POS,404499,Washington DC
2025-10-04,2025-10-04,WASHINGTON GAS BILLPAY OCT-25,Utilities,debit,-84.0,33851.69,ACH,320539,
2025-10-05,2025-10-05,DC WATER BILLPAY OCT-25,Utilities,debit,-112.12,33739.57,ACH,092239,
2025-10-06,2025-10-06,ACH PAYROLL CARRASCO-VEGA 251006,Household Payroll,debit,-1939.35,31800.22,ACH,649172,
2025-10-06,2025-10-06,VERIZON FIOS INTERNET OCT-25,Utilities,debit,-89.99,31710.23,ACH,869461,
2025-10-07,2025-10-07,VERIZON WIRELESS PMT OCT-25,Utilities,debit,-191.23,31519.0,ACH,908027,
2025-10-07,2025-10-07,NETFLIX.COM,Streaming,debit,-24.99,31494.01,POS,108227,
2025-10-07,2025-10-07,HARRIS TEETER #0712 WASHINGTON DC 5090,Groceries,debit,-219.29,31274.72,POS,631746,Washington DC
2025-10-08,2025-10-08,SPOTIFY USA FAMILY,Streaming,debit,-19.99,31254.73,POS,064930,
2025-10-09,2025-10-09,NYTIMES DIGITAL SUBSCR,News/Media,debit,-25.0,31229.73,POS,602807,
2025-10-09,2025-10-09,ATM WITHDRAWAL 14TH ST NW 1158,Cash,debit,-100.0,31129.73,ATM,665521,Washington DC
2025-10-10,2025-10-10,ACH TUITION CATHEDRAL HTS 251010,Education,debit,-12000.0,19129.73,ACH,773928,
2025-10-10,2025-10-10,APPLE.COM/BILL ICLOUD,Software,debit,-9.99,19119.74,POS,873810,
2025-10-11,2025-10-11,PELOTON MEMBERSHIP,Health/Fitness,debit,-44.0,19075.74,POS,545205,
2025-10-12,2025-10-12,DISNEY PLUS,Streaming,debit,-15.99,19059.75,POS,566234,
2025-10-13,2025-10-13,WEST ELM 14TH ST WASHINGTON DC 3174,Shopping,debit,-234.33,18825.42,POS,640327,Washington DC
2025-10-15,2025-10-15,DIR DEP DOJ NFC PAY PPD251015,Payroll,credit,4745.56,23570.98,ACH,091721,
2025-10-15,2025-10-15,DIR DEP POTOMAC GEN PAYROLL 251015,Payroll,credit,5727.85,29298.83,ACH,936230,
2025-10-15,2025-10-15,SAFEWAY #1410 WASHINGTON DC 0766,Groceries,debit,-160.54,29138.29,POS,068379,Washington DC
2025-10-17,2025-10-17,GIANT FOOD #0345 WASHINGTON DC 4858,Groceries,debit,-108.6,29029.69,POS,572289,Washington DC
2025-10-21,2025-10-21,ACH PAYROLL CARRASCO-VEGA 251021,Household Payroll,debit,-1939.35,27090.34,ACH,913268,
2025-10-23,2025-10-23,ZELLE PMT TO M OKAFOR 079532,Transfer,debit,-211.46,26878.88,ACH,973299,
2025-10-24,2025-10-24,AUTOPAY CAP ONE VENTURE 8841 251024,Credit Card Pmt,debit,-2868.63,24010.25,ACH,927678,
2025-10-25,2025-10-25,POTTERY BARN ONLINE WASHINGTON DC 2720,Shopping,debit,-74.95,23935.3,POS,662082,Washington DC
2025-10-31,2025-10-31,DIR DEP DOJ NFC PAY PPD251031,Payroll,credit,4745.56,28680.86,ACH,184954,
2025-10-31,2025-10-31,DIR DEP POTOMAC GEN PAYROLL 251031,Payroll,credit,6019.25,34700.11,ACH,589738,
2025-11-01,2025-11-01,ACH MORTGAGE FIRSTMERIDIAN LN0731 251101,Mortgage,debit,-4569.67,30130.44,ACH,272127,
2025-11-02,2025-11-02,WEST ELM 14TH ST WASHINGTON DC 3656,Shopping,debit,-48.56,30081.88,POS,993861,Washington DC
2025-11-03,2025-11-03,PEPCO ENERGY BILLPAY NOV-25,Utilities,debit,-266.63,29815.25,ACH,333571,
2025-11-03,2025-11-03,NIKE.COM WASHINGTON DC 6887,Shopping,debit,-181.48,29633.77,POS,809831,Washington DC
2025-11-04,2025-11-04,WASHINGTON GAS BILLPAY NOV-25,Utilities,debit,-121.0,29512.77,ACH,747654,
2025-11-05,2025-11-05,DC WATER BILLPAY NOV-25,Utilities,debit,-80.0,29432.77,ACH,387043,
2025-11-06,2025-11-06,ACH PAYROLL CARRASCO-VEGA 251106,Household Payroll,debit,-1939.35,27493.42,ACH,489036,
2025-11-06,2025-11-06,VERIZON FIOS INTERNET NOV-25,Utilities,debit,-89.99,27403.43,ACH,654152,
2025-11-07,2025-11-07,VERIZON WIRELESS PMT NOV-25,Utilities,debit,-200.07,27203.36,ACH,947762,
2025-11-07,2025-11-07,NETFLIX.COM,Streaming,debit,-24.99,27178.37,POS,810511,
2025-11-08,2025-11-08,SPOTIFY USA FAMILY,Streaming,debit,-19.99,27158.38,POS,799214,
2025-11-09,2025-11-09,NYTIMES DIGITAL SUBSCR,News/Media,debit,-25.0,27133.38,POS,052636,
2025-11-09,2025-11-09,SAFEWAY #1410 WASHINGTON DC 3960,Groceries,debit,-58.39,27074.99,POS,783596,Washington DC
2025-11-10,2025-11-10,ACH TUITION CATHEDRAL HTS 251110,Education,debit,-12000.0,15074.99,ACH,704814,
2025-11-10,2025-11-10,APPLE.COM/BILL ICLOUD,Software,debit,-9.99,15065.0,POS,146478,
2025-11-10,2025-11-10,ZELLE PMT TO J BAUER 304912,Transfer,debit,-162.96,14902.04,ACH,693216,
2025-11-11,2025-11-11,PELOTON MEMBERSHIP,Health/Fitness,debit,-44.0,14858.04,POS,426825,
2025-11-12,2025-11-12,DISNEY PLUS,Streaming,debit,-15.99,14842.05,POS,047936,
2025-11-14,2025-11-14,COSTCO WHSE #1180 WASHINGTON DC 2305,Groceries,debit,-55.2,14786.85,POS,435172,Washington DC
2025-11-15,2025-11-15,DIR DEP DOJ NFC PAY PPD251115,Payroll,credit,4745.56,19532.41,ACH,435915,
2025-11-15,2025-11-15,DIR DEP POTOMAC GEN PAYROLL 251115,Payroll,credit,6288.33,25820.74,ACH,773825,
2025-11-15,2025-11-15,WALGREENS #6621 WASHINGTON DC 2097,Shopping,debit,-44.39,25776.35,POS,230508,Washington DC
2025-11-16,2025-11-16,TRANSFER TO MERIDIAN BRKG Z18 737295,Transfer/Investment,debit,-250.0,25526.35,ACH,792989,
2025-11-21,2025-11-21,ACH PAYROLL CARRASCO-VEGA 251121,Household Payroll,debit,-1939.35,23587.0,ACH,147338,
2025-11-22,2025-11-22,TATTE BAKERY WASHINGTON DC 7786,Dining,debit,-55.06,23531.94,POS,537260,Washington DC
2025-11-24,2025-11-24,AUTOPAY CAP ONE VENTURE 8841 251124,Credit Card Pmt,debit,-2301.62,21230.32,ACH,194156,
2025-11-30,2025-11-30,DIR DEP DOJ NFC PAY PPD251130,Payroll,credit,4745.56,25975.88,ACH,615462,
2025-11-30,2025-11-30,DIR DEP POTOMAC GEN PAYROLL 251130,Payroll,credit,6288.33,32264.21,ACH,206273,
2025-12-01,2025-12-01,ACH MORTGAGE FIRSTMERIDIAN LN0731 251201,Mortgage,debit,-4569.67,27694.54,ACH,183500,
2025-12-03,2025-12-03,PEPCO ENERGY BILLPAY DEC-25,Utilities,debit,-179.07,27515.47,ACH,852096,
2025-12-04,2025-12-04,WASHINGTON GAS BILLPAY DEC-25,Utilities,debit,-159.0,27356.47,ACH,393196,
2025-12-05,2025-12-05,DC WATER BILLPAY DEC-25,Utilities,debit,-101.17,27255.3,ACH,374185,
2025-12-06,2025-12-06,ACH PAYROLL CARRASCO-VEGA 251206,Household Payroll,debit,-1939.35,25315.95,ACH,527543,
2025-12-06,2025-12-06,VERIZON FIOS INTERNET DEC-25,Utilities,debit,-89.99,25225.96,ACH,257280,
2025-12-07,2025-12-07,VERIZON WIRELESS PMT DEC-25,Utilities,debit,-203.17,25022.79,ACH,345520,
2025-12-07,2025-12-07,NETFLIX.COM,Streaming,debit,-24.99,24997.8,POS,575597,
2025-12-07,2025-12-07,JENIS ICE CREAM WASHINGTON DC 4988,Dining,debit,-81.19,24916.61,POS,849790,Washington DC
2025-12-08,2025-12-08,SPOTIFY USA FAMILY,Streaming,debit,-19.99,24896.62,POS,174870,
2025-12-08,2025-12-08,COSTCO WHSE #1180 WASHINGTON DC 4557,Groceries,debit,-98.73,24797.89,POS,626974,Washington DC
2025-12-09,2025-12-09,NYTIMES DIGITAL SUBSCR,News/Media,debit,-25.0,24772.89,POS,215638,
2025-12-10,2025-12-10,ACH TUITION CATHEDRAL HTS 251210,Education,debit,-12000.0,12772.89,ACH,615112,
2025-12-10,2025-12-10,APPLE.COM/BILL ICLOUD,Software,debit,-9.99,12762.9,POS,494325,
2025-12-10,2025-12-10,ZELLE PMT TO M OKAFOR 863280,Transfer,debit,-152.3,12610.6,ACH,505611,
2025-12-11,2025-12-11,PELOTON MEMBERSHIP,Health/Fitness,debit,-44.0,12566.6,POS,548403,
2025-12-12,2025-12-12,DISNEY PLUS,Streaming,debit,-15.99,12550.61,POS,920920,
2025-12-15,2025-12-15,DIR DEP DOJ NFC PAY PPD251215,Payroll,credit,5173.03,17723.64,ACH,281978,
2025-12-15,2025-12-15,DIR DEP POTOMAC GEN PAYROLL 251215,Payroll,credit,6217.05,23940.69,ACH,809267,
2025-12-15,2025-12-15,ATM WITHDRAWAL 14TH ST NW 4778,Cash,debit,-300.0,23640.69,ATM,109962,Washington DC
2025-12-17,2025-12-17,TATTE BAKERY WASHINGTON DC 3441,Dining,debit,-108.59,23532.1,POS,376256,Washington DC
2025-12-19,2025-12-19,LYFT RIDE WASHINGTON DC 9756,Transportation,debit,-68.0,23464.1,POS,608496,Washington DC
2025-12-21,2025-12-21,ACH PAYROLL CARRASCO-VEGA 251221,Household Payroll,debit,-1939.35,21524.75,ACH,239017,
2025-12-24,2025-12-24,AUTOPAY CAP ONE VENTURE 8841 251224,Credit Card Pmt,debit,-2950.61,18574.14,ACH,883058,
2025-12-25,2025-12-25,GIANT FOOD #0345 WASHINGTON DC 5144,Groceries,debit,-251.62,18322.52,POS,037808,Washington DC
2025-12-27,2025-12-27,COMPASS COFFEE WASHINGTON DC 4656,Dining,debit,-16.88,18305.64,POS,733493,Washington DC
2025-12-31,2025-12-31,DIR DEP DOJ NFC PAY PPD251231,Payroll,credit,5238.85,23544.49,ACH,848071,
2025-12-31,2025-12-31,DIR DEP POTOMAC GEN PAYROLL 251231,Payroll,credit,6207.05,29751.54,ACH,919449,
2025-12-31,2025-12-31,TRANSFER TO SAVINGS XXXXXX6620 339240,Transfer,debit,-11251.54,18500.0,ACH,660010,
