posting_date,transaction_date,description,merchant_category,type,amount,running_balance,reference_id
2025-01-01,2025-01-01,MARRIOTT ATLANTA #26565,Travel,PURCHASE,32.04,6832.04,CC424558
2025-01-02,2025-01-01,TRADER JOES #482 #44746,Groceries,PURCHASE,55.01,6887.05,CC650071
2025-01-02,2025-01-01,THE 5 SPOT FRANKLIN TN NDQ2,Food & Dining,PURCHASE,62.74,6949.79,CC291513
2025-01-02,2025-01-02,ALDI 64 NASHVILLE TN LZZI,Groceries,PURCHASE,119.60,7069.39,CC869469
2025-01-03,2025-01-03,MARRIOTT ATLANTA ATLANTA GA UNJ8,Travel,PURCHASE,25.78,7095.17,CC532520
2025-01-04,2025-01-04,SOUTHWEST AIR 526 #88512,Travel,PURCHASE,12.04,7107.21,CC937887
2025-01-04,2025-01-03,APPLE.COM/BILL ICLOUD,Bills & Utilities,PURCHASE,2.99,7110.20,CC606010
2025-01-04,2025-01-04,TRADER JOES #482 #38732,Groceries,PURCHASE,109.63,7219.83,CC313800
2025-01-05,2025-01-05,BANDCAMP #62411,Entertainment,PURCHASE,18.34,7238.17,CC873702
2025-01-05,2025-01-04,EXIT/IN TICKETS #93626,Entertainment,PURCHASE,7.10,7245.27,CC553140
2025-01-05,2025-01-04,RYMAN BOX OFFICE ATLANTA GA ZO2I,Entertainment,PURCHASE,21.79,7267.06,CC800781
2025-01-05,2025-01-03,ALDI 64 MEMPHIS TN BXCB,Groceries,PURCHASE,128.67,7395.73,CC220435
2025-01-05,2025-01-04,HULU 877-8244869,Entertainment,PURCHASE,17.99,7413.72,CC339885
2025-01-05,2025-01-04,TRADER JOES #482 NASHVILLE TN 2TT1,Groceries,PURCHASE,133.40,7547.12,CC873767
2025-01-06,2025-01-04,UBER *TRIP ATLANTA GA QWJB,Auto & Transport,PURCHASE,35.02,7582.14,CC915364
2025-01-07,2025-01-07,NYTIMES DIGITAL,Bills & Utilities,PURCHASE,17.00,7599.14,CC281643
2025-01-07,2025-01-07,STEAM GAMES MEMPHIS TN QXK4,Entertainment,PURCHASE,14.97,7614.11,CC466357
2025-01-08,2025-01-08,NASH HOUSE CAFE #3657,Food & Dining,PURCHASE,67.13,7681.24,CC398829
2025-01-09,2025-01-07,UBER *TRIP FRANKLIN TN 1TSD,Auto & Transport,PURCHASE,25.39,7706.63,CC930688
2025-01-10,2025-01-10,SUMMIT ONE CARD - PAYMENT THANK YOU,Transfer,PAYMENT,-1204.16,6502.47,CC233314
2025-01-11,2025-01-09,EXIT/IN TICKETS NASHVILLE TN DJD1,Entertainment,PURCHASE,23.83,6526.30,CC786929
2025-01-11,2025-01-11,DELTA AIR 0061 NASHVILLE TN Y5S2,Travel,PURCHASE,34.64,6560.94,CC217198
2025-01-11,2025-01-10,PLANET FITNESS,Health & Fitness,PURCHASE,24.99,6585.93,CC495553
2025-01-11,2025-01-10,BISCUIT LOVE #73825,Food & Dining,PURCHASE,62.76,6648.69,CC153550
2025-01-12,2025-01-10,MAPCO 5521 MEMPHIS TN AKFC,Auto & Transport,PURCHASE,46.27,6694.96,CC208092
2025-01-13,2025-01-12,BISCUIT LOVE #20881,Food & Dining,PURCHASE,65.61,6760.57,CC721278
2025-01-14,2025-01-12,ALDI 64 FRANKLIN TN PYRB,Groceries,PURCHASE,85.52,6846.09,CC937657
2025-01-15,2025-01-13,MAPCO 5521 #2957,Auto & Transport,PURCHASE,24.90,6870.99,CC371660
2025-01-16,2025-01-15,BANDCAMP NASHVILLE TN GDJO,Entertainment,PURCHASE,18.77,6889.76,CC639723
2025-01-17,2025-01-17,SPOTIFY USA,Entertainment,PURCHASE,11.99,6901.75,CC630882
2025-01-19,2025-01-18,WALGREENS 6621 NASHVILLE TN 9R5B,Personal Care,PURCHASE,16.27,6918.02,CC643349
2025-01-19,2025-01-17,SOUTHWEST AIR 526 NASHVILLE TN BNSD,Travel,PURCHASE,27.03,6945.05,CC487090
2025-01-20,2025-01-20,TARGET 00021435 MEMPHIS TN AJOY,Shopping,PURCHASE,78.86,7023.91,CC965482
2025-01-20,2025-01-19,BISCUIT LOVE #59702,Food & Dining,PURCHASE,74.81,7098.72,CC223184
2025-01-21,2025-01-21,BP#9123 #60144,Auto & Transport,PURCHASE,36.62,7135.34,CC746607
2025-01-21,2025-01-19,SHELL OIL 574 NASHVILLE TN SXUT,Auto & Transport,PURCHASE,15.54,7150.88,CC478463
2025-01-22,2025-01-21,TARGET 00021435 MEMPHIS TN RCPX,Shopping,PURCHASE,25.89,7176.77,CC208188
2025-01-23,2025-01-21,RYMAN BOX OFFICE #37079,Entertainment,PURCHASE,28.75,7205.52,CC689044
2025-01-23,2025-01-21,EXIT/IN TICKETS ATLANTA GA Y6TE,Entertainment,PURCHASE,9.44,7214.96,CC853344
2025-01-24,2025-01-22,KROGER #715 NASHVILLE TN 09ZI,Groceries,PURCHASE,26.97,7241.93,CC893946
2025-01-25,2025-01-24,MARRIOTT ATLANTA #62885,Travel,PURCHASE,7.63,7249.56,CC771583
2025-01-31,2025-01-31,INTEREST CHARGE - PURCHASES,Fees & Charges,INTEREST,141.61,7391.17,CC137687
2025-02-02,2025-02-01,HULU 877-8244869,Entertainment,PURCHASE,17.99,7409.16,CC311326
2025-02-02,2025-02-01,BANDCAMP MEMPHIS TN 8VJX,Entertainment,PURCHASE,24.42,7433.58,CC660533
2025-02-02,2025-02-01,NYTIMES DIGITAL,Bills & Utilities,PURCHASE,17.00,7450.58,CC277322
2025-02-03,2025-02-02,LYFT *RIDE #28087,Auto & Transport,PURCHASE,43.66,7494.24,CC651276
2025-02-03,2025-02-01,DELTA AIR 0061 #42402,Travel,PURCHASE,33.28,7527.52,CC473538
2025-02-04,2025-02-02,PRINCES HOT CHICKEN MURFREESBORO TN HECV,Food & Dining,PURCHASE,22.40,7549.92,CC889719
2025-02-04,2025-02-04,TRADER JOES #482 #45446,Groceries,PURCHASE,33.06,7582.98,CC205469
2025-02-06,2025-02-05,LYFT *RIDE MEMPHIS TN TU12,Auto & Transport,PURCHASE,43.30,7626.28,CC170494
2025-02-06,2025-02-04,SPOTIFY USA,Entertainment,PURCHASE,11.99,7638.27,CC659310
2025-02-06,2025-02-05,DOSE COFFEE NSH TN 65FG,Food & Dining,PURCHASE,14.83,7653.10,CC642742
2025-02-07,2025-02-05,LYFT *RIDE #37199,Auto & Transport,PURCHASE,8.41,7661.51,CC197302
2025-02-08,2025-02-06,TARGET 00021435 #17781,Shopping,PURCHASE,54.05,7715.56,CC194211
2025-02-08,2025-02-06,SOUTHWEST AIR 526 NSH TN M1YT,Travel,PURCHASE,8.95,7724.51,CC968814
2025-02-09,2025-02-08,GREAT CLIPS 7781 NASHVILLE TN L84H,Personal Care,PURCHASE,27.34,7751.85,CC228117
2025-02-10,2025-02-10,AIRBNB * HMK22 #72176,Travel,PURCHASE,40.93,7792.78,CC337835
2025-02-10,2025-02-08,UBER *TRIP MEMPHIS TN 2VVU,Auto & Transport,PURCHASE,19.95,7812.73,CC675586
2025-02-11,2025-02-09,MARRIOTT ATLANTA NSH TN N65W,Travel,PURCHASE,14.31,7827.04,CC304752
2025-02-12,2025-02-10,REI NASHVILLE #53874,Shopping,PURCHASE,55.07,7882.11,CC119572
2025-02-12,2025-02-12,PUBLIX 1394 #26015,Groceries,PURCHASE,41.72,7923.83,CC903958
2025-02-12,2025-02-10,SEPHORA 1123 ATLANTA GA 92RL,Personal Care,PURCHASE,4.62,7928.45,CC185833
2025-02-12,2025-02-11,SUMMIT ONE CARD - PAYMENT THANK YOU,Transfer,PAYMENT,-1715.90,6212.55,CC744566
2025-02-13,2025-02-13,BISCUIT LOVE #89832,Food & Dining,PURCHASE,36.18,6248.73,CC453319
2025-02-13,2025-02-13,WHOLEFDS NSH FRANKLIN TN RFHX,Groceries,PURCHASE,125.69,6374.42,CC312622
2025-02-14,2025-02-14,DELTA AIR 0061 #1849,Travel,PURCHASE,26.86,6401.28,CC170295
2025-02-14,2025-02-13,MARRIOTT ATLANTA FRANKLIN TN 72MM,Travel,PURCHASE,9.59,6410.87,CC788369
2025-02-14,2025-02-12,TRADER JOES #482 NSH TN PWO4,Groceries,PURCHASE,103.11,6513.98,CC103109
2025-02-15,2025-02-14,BANDCAMP #15396,Entertainment,PURCHASE,21.55,6535.53,CC580625
2025-02-15,2025-02-14,THE 5 SPOT #41791,Food & Dining,PURCHASE,55.26,6590.79,CC771906
2025-02-15,2025-02-14,BISCUIT LOVE #83063,Food & Dining,PURCHASE,34.31,6625.10,CC938010
2025-02-16,2025-02-14,ETSY.COM #19199,Shopping,PURCHASE,15.66,6640.76,CC625369
2025-02-16,2025-02-16,SEPHORA 1123 #44366,Personal Care,PURCHASE,21.69,6662.45,CC267727
2025-02-17,2025-02-15,ROLF & DAUGHTERS #23621,Food & Dining,PURCHASE,38.61,6701.06,CC967140
2025-02-17,2025-02-17,ALDI 64 #21031,Groceries,PURCHASE,29.02,6730.08,CC832497
2025-02-17,2025-02-17,PLANET FITNESS,Health & Fitness,PURCHASE,24.99,6755.07,CC787548
2025-02-18,2025-02-18,EXIT/IN TICKETS #46666,Entertainment,PURCHASE,5.28,6760.35,CC440687
2025-02-20,2025-02-20,AIRBNB * HMK22 #61871,Travel,PURCHASE,33.57,6793.92,CC772156
2025-02-21,2025-02-20,BP#9123 NSH TN XYZ0,Auto & Transport,PURCHASE,22.48,6816.40,CC527231
2025-02-22,2025-02-21,SHELL OIL 574 #24076,Auto & Transport,PURCHASE,30.01,6846.41,CC614585
2025-02-22,2025-02-22,APPLE.COM/BILL ICLOUD,Bills & Utilities,PURCHASE,2.99,6849.40,CC248559
2025-02-22,2025-02-21,MARRIOTT ATLANTA MURFREESBORO TN GN4W,Travel,PURCHASE,34.66,6884.06,CC988670
2025-02-23,2025-02-21,BP#9123 #92703,Auto & Transport,PURCHASE,35.94,6920.00,CC747845
2025-02-25,2025-02-25,TARGET 00021435 FRANKLIN TN 0FEB,Shopping,PURCHASE,69.61,6989.61,CC108479
2025-02-25,2025-02-23,MARRIOTT ATLANTA ATLANTA GA 4WW8,Travel,PURCHASE,19.27,7008.88,CC788818
2025-02-25,2025-02-24,WALGREENS 6621 NASHVILLE TN EFFU,Personal Care,PURCHASE,8.90,7017.78,CC249413
2025-02-28,2025-02-28,INTEREST CHARGE - PURCHASES,Fees & Charges,INTEREST,153.92,7171.70,CC797541
2025-03-01,2025-03-01,ETSY.COM #20648,Shopping,PURCHASE,35.16,7206.86,CC907670
2025-03-01,2025-03-01,PRINCES HOT CHICKEN #90012,Food & Dining,PURCHASE,34.90,7241.76,CC481609
2025-03-02,2025-03-01,MARSHALLS #812 MURFREESBORO TN KSQZ,Shopping,PURCHASE,70.62,7312.38,CC442924
2025-03-02,2025-03-01,BANDCAMP NASHVILLE TN BAU5,Entertainment,PURCHASE,6.28,7318.66,CC208983
2025-03-03,2025-03-01,SHELL OIL 574 #63766,Auto & Transport,PURCHASE,21.51,7340.17,CC254817
2025-03-04,2025-03-03,APPLE.COM/BILL ICLOUD,Bills & Utilities,PURCHASE,2.99,7343.16,CC625958
2025-03-04,2025-03-04,THE 5 SPOT #5187,Food & Dining,PURCHASE,55.49,7398.65,CC767134
2025-03-05,2025-03-03,ROLF & DAUGHTERS #32736,Food & Dining,PURCHASE,69.25,7467.90,CC719493
2025-03-05,2025-03-04,PUBLIX 1394 #73390,Groceries,PURCHASE,111.84,7579.74,CC338645
2025-03-06,2025-03-04,REI NASHVILLE NASHVILLE TN BZRD,Shopping,PURCHASE,78.45,7658.19,CC721297
2025-03-06,2025-03-05,BP#9123 #5710,Auto & Transport,PURCHASE,13.49,7671.68,CC599905
2025-03-07,2025-03-07,STEAM GAMES FRANKLIN TN LHNP,Entertainment,PURCHASE,26.92,7698.60,CC366272
2025-03-08,2025-03-06,WALGREENS 6621 #89683,Personal Care,PURCHASE,6.69,7705.29,CC154201
2025-03-08,2025-03-07,EXIT/IN TICKETS #88283,Entertainment,PURCHASE,25.24,7730.53,CC598226
2025-03-08,2025-03-08,BISCUIT LOVE #20615,Food & Dining,PURCHASE,15.57,7746.10,CC639175
2025-03-09,2025-03-07,BP#9123 #49751,Auto & Transport,PURCHASE,13.73,7759.83,CC899096
2025-03-09,2025-03-09,SUMMIT ONE CARD - PAYMENT THANK YOU,Transfer,PAYMENT,-1322.89,6436.94,CC359484
2025-03-10,2025-03-08,NASH HOUSE CAFE #86621,Food & Dining,PURCHASE,49.04,6485.98,CC312100
2025-03-10,2025-03-10,MAPCO 5521 #8768,Auto & Transport,PURCHASE,37.77,6523.75,CC598300
2025-03-11,2025-03-11,PLANET FITNESS,Health & Fitness,PURCHASE,24.99,6548.74,CC567423
2025-03-11,2025-03-11,HULU 877-8244869,Entertainment,PURCHASE,17.99,6566.73,CC328807
2025-03-11,2025-03-11,DOSE COFFEE #3384,Food & Dining,PURCHASE,87.32,6654.05,CC691550
2025-03-12,2025-03-11,PUBLIX 1394 FRANKLIN TN YL7T,Groceries,PURCHASE,23.26,6677.31,CC590119
2025-03-12,2025-03-11,REI NASHVILLE ATLANTA GA NJHM,Shopping,PURCHASE,53.68,6730.99,CC732547
2025-03-12,2025-03-11,NYTIMES DIGITAL,Bills & Utilities,PURCHASE,17.00,6747.99,CC856833
2025-03-13,2025-03-12,BP#9123 #58686,Auto & Transport,PURCHASE,34.15,6782.14,CC486420
2025-03-14,2025-03-14,UBER *TRIP MURFREESBORO TN RB5Z,Auto & Transport,PURCHASE,34.10,6816.24,CC734896
2025-03-14,2025-03-12,MARSHALLS #812 #71574,Shopping,PURCHASE,20.45,6836.69,CC277618
2025-03-14,2025-03-12,RYMAN BOX OFFICE #58730,Entertainment,PURCHASE,26.05,6862.74,CC308034
2025-03-15,2025-03-14,REI NASHVILLE #93874,Shopping,PURCHASE,37.59,6900.33,CC496175
2025-03-16,2025-03-14,DELTA AIR 0061 NSH TN 7840,Travel,PURCHASE,10.65,6910.98,CC500777
2025-03-16,2025-03-14,STEAM GAMES ATLANTA GA RBIA,Entertainment,PURCHASE,19.73,6930.71,CC947217
2025-03-17,2025-03-16,DELTA AIR 0061 FRANKLIN TN IL11,Travel,PURCHASE,11.43,6942.14,CC280605
2025-03-17,2025-03-16,WHOLEFDS NSH #52361,Groceries,PURCHASE,51.23,6993.37,CC976396
2025-03-17,2025-03-16,MARRIOTT ATLANTA #25116,Travel,PURCHASE,16.18,7009.55,CC592194
2025-03-18,2025-03-18,THE 5 SPOT NASHVILLE TN 3HIY,Food & Dining,PURCHASE,38.72,7048.27,CC558443
2025-03-18,2025-03-18,ALAMO DRAFTHOUSE #87177,Entertainment,PURCHASE,28.34,7076.61,CC510506
2025-03-18,2025-03-17,RYMAN BOX OFFICE NASHVILLE TN PR9D,Entertainment,PURCHASE,24.50,7101.11,CC706246
2025-03-18,2025-03-16,BANDCAMP NSH TN 8QT2,Entertainment,PURCHASE,29.29,7130.40,CC823916
2025-03-19,2025-03-19,DELTA AIR 0061 MURFREESBORO TN 2GV8,Travel,PURCHASE,31.99,7162.39,CC461418
2025-03-19,2025-03-17,SPOTIFY USA,Entertainment,PURCHASE,11.99,7174.38,CC851488
2025-03-20,2025-03-19,BISCUIT LOVE MEMPHIS TN EGOK,Food & Dining,PURCHASE,39.66,7214.04,CC394166
2025-03-20,2025-03-19,ALAMO DRAFTHOUSE NSH TN F87Y,Entertainment,PURCHASE,11.28,7225.32,CC444630
2025-03-20,2025-03-19,RYMAN BOX OFFICE MURFREESBORO TN UH3Z,Entertainment,PURCHASE,7.22,7232.54,CC194866
2025-03-22,2025-03-20,WALGREENS 6621 #9390,Personal Care,PURCHASE,11.85,7244.39,CC329121
2025-03-23,2025-03-23,ROLF & DAUGHTERS NSH TN 32HQ,Food & Dining,PURCHASE,21.39,7265.78,CC617503
2025-03-24,2025-03-24,SOUTHWEST AIR 526 MURFREESBORO TN 3716,Travel,PURCHASE,15.97,7281.75,CC491542
2025-03-24,2025-03-23,SHELL OIL 574 FRANKLIN TN QN4D,Auto & Transport,PURCHASE,8.53,7290.28,CC739903
2025-03-24,2025-03-24,STEAM GAMES MURFREESBORO TN AIAO,Entertainment,PURCHASE,25.86,7316.14,CC423502
2025-03-24,2025-03-23,STEAM GAMES #7212,Entertainment,PURCHASE,6.38,7322.52,CC236445
2025-03-25,2025-03-24,DELTA AIR 0061 ATLANTA GA HN33,Travel,PURCHASE,39.96,7362.48,CC347922
2025-03-25,2025-03-24,MAPCO 5521 #51355,Auto & Transport,PURCHASE,24.66,7387.14,CC795268
2025-03-31,2025-03-31,INTEREST CHARGE - PURCHASES,Fees & Charges,INTEREST,149.35,7536.49,CC370930
2025-04-01,2025-04-01,WALGREENS 6621 #4914,Personal Care,PURCHASE,14.74,7551.23,CC713048
2025-04-02,2025-04-01,ALAMO DRAFTHOUSE #4703,Entertainment,PURCHASE,13.36,7564.59,CC290190
2025-04-02,2025-04-01,DELTA AIR 0061 #66137,Travel,PURCHASE,38.98,7603.57,CC252503
2025-04-02,2025-04-01,WHOLEFDS NSH NASHVILLE TN NJ06,Groceries,PURCHASE,124.32,7727.89,CC186756
2025-04-03,2025-04-01,SHELL OIL 574 ATLANTA GA 066P,Auto & Transport,PURCHASE,45.85,7773.74,CC710220
2025-04-03,2025-04-02,STEAM GAMES #70441,Entertainment,PURCHASE,19.19,7792.93,CC915042
2025-04-04,2025-04-03,NYTIMES DIGITAL,Bills & Utilities,PURCHASE,17.00,7809.93,CC888684
2025-04-04,2025-04-03,TARGET 00021435 ATLANTA GA K3XS,Shopping,PURCHASE,38.46,7848.39,CC757023
2025-04-04,2025-04-02,WALGREENS 6621 #93800,Personal Care,PURCHASE,14.90,7863.29,CC885018
2025-04-05,2025-04-04,PUBLIX 1394 NASHVILLE TN M7XZ,Groceries,PURCHASE,89.50,7952.79,CC139370
2025-04-06,2025-04-04,TRADER JOES #482 MURFREESBORO TN 30U3,Groceries,PURCHASE,68.23,8021.02,CC320046
2025-04-06,2025-04-04,SEPHORA 1123 #66707,Personal Care,PURCHASE,11.88,8032.90,CC161159
2025-04-06,2025-04-05,ETSY.COM FRANKLIN TN OXKP,Shopping,PURCHASE,78.63,8111.53,CC299464
2025-04-07,2025-04-07,ROLF & DAUGHTERS #75603,Food & Dining,PURCHASE,44.63,8156.16,CC148161
2025-04-07,2025-04-07,REI NASHVILLE #82007,Shopping,PURCHASE,55.64,8211.80,CC873061
2025-04-08,2025-04-07,RYMAN BOX OFFICE NSH TN WFDG,Entertainment,PURCHASE,6.38,8218.18,CC890106
2025-04-08,2025-04-08,AIRBNB * HMK22 #56702,Travel,PURCHASE,28.80,8246.98,CC221104
2025-04-08,2025-04-08,AIRBNB * HMK22 #96955,Travel,PURCHASE,12.12,8259.10,CC983886
2025-04-09,2025-04-08,SHELL OIL 574 FRANKLIN TN 3L1Y,Auto & Transport,PURCHASE,19.67,8278.77,CC778751
2025-04-09,2025-04-08,APPLE.COM/BILL ICLOUD,Bills & Utilities,PURCHASE,2.99,8281.76,CC628042
2025-04-09,2025-04-09,SUMMIT ONE CARD - PAYMENT THANK YOU,Transfer,PAYMENT,-1523.69,6758.07,CC954634
2025-04-10,2025-04-10,AIRBNB * HMK22 NASHVILLE TN JA9O,Travel,PURCHASE,21.07,6779.14,CC575356
2025-04-11,2025-04-09,SOUTHWEST AIR 526 #75493,Travel,PURCHASE,21.95,6801.09,CC816025
2025-04-11,2025-04-11,DELTA AIR 0061 #95945,Travel,PURCHASE,7.81,6808.90,CC917398
2025-04-11,2025-04-09,PUBLIX 1394 #86569,Groceries,PURCHASE,110.91,6919.81,CC271570
2025-04-11,2025-04-09,RYMAN BOX OFFICE FRANKLIN TN IE6V,Entertainment,PURCHASE,23.25,6943.06,CC221849
2025-04-11,2025-04-09,HULU 877-8244869,Entertainment,PURCHASE,17.99,6961.05,CC206393
2025-04-11,2025-04-10,ALDI 64 #11050,Groceries,PURCHASE,54.80,7015.85,CC548242
2025-04-13,2025-04-13,DOSE COFFEE #78084,Food & Dining,PURCHASE,22.65,7038.50,CC548989
2025-04-13,2025-04-12,SEPHORA 1123 FRANKLIN TN KFNA,Personal Care,PURCHASE,12.89,7051.39,CC329041
2025-04-15,2025-04-13,ROLF & DAUGHTERS NASHVILLE TN 0IPG,Food & Dining,PURCHASE,85.55,7136.94,CC693296
2025-04-15,2025-04-15,EXIT/IN TICKETS #34497,Entertainment,PURCHASE,28.90,7165.84,CC837237
2025-04-16,2025-04-15,ALDI 64 #92924,Groceries,PURCHASE,61.04,7226.88,CC706099
2025-04-16,2025-04-16,MAPCO 5521 FRANKLIN TN J1PP,Auto & Transport,PURCHASE,18.88,7245.76,CC576226
2025-04-18,2025-04-17,GREAT CLIPS 7781 MEMPHIS TN JBO7,Personal Care,PURCHASE,26.51,7272.27,CC931272
2025-04-18,2025-04-16,DELTA AIR 0061 FRANKLIN TN 727S,Travel,PURCHASE,40.81,7313.08,CC661607
2025-04-19,2025-04-18,EXIT/IN TICKETS NASHVILLE TN KKF8,Entertainment,PURCHASE,18.21,7331.29,CC604265
2025-04-20,2025-04-20,RYMAN BOX OFFICE ATLANTA GA A6IT,Entertainment,PURCHASE,16.66,7347.95,CC514749
2025-04-21,2025-04-20,NASH HOUSE CAFE #45039,Food & Dining,PURCHASE,76.44,7424.39,CC761555
2025-04-21,2025-04-19,ALAMO DRAFTHOUSE #94938,Entertainment,PURCHASE,30.01,7454.40,CC380597
2025-04-22,2025-04-21,PLANET FITNESS,Health & Fitness,PURCHASE,24.99,7479.39,CC430609
2025-04-22,2025-04-22,SHELL OIL 574 MURFREESBORO TN POY8,Auto & Transport,PURCHASE,38.96,7518.35,CC154336
2025-04-23,2025-04-23,SPOTIFY USA,Entertainment,PURCHASE,11.99,7530.34,CC429796
2025-04-23,2025-04-22,MAPCO 5521 MEMPHIS TN USIA,Auto & Transport,PURCHASE,48.80,7579.14,CC477755
2025-04-24,2025-04-23,KROGER #715 #33053,Groceries,PURCHASE,68.70,7647.84,CC391875
2025-04-25,2025-04-25,AIRBNB * HMK22 #29165,Travel,PURCHASE,9.35,7657.19,CC395030
2025-04-25,2025-04-24,DOSE COFFEE MEMPHIS TN VFSV,Food & Dining,PURCHASE,33.04,7690.23,CC129964
2025-04-30,2025-04-29,INTEREST CHARGE - PURCHASES,Fees & Charges,INTEREST,156.95,7847.18,CC561541
2025-05-01,2025-05-01,AIRBNB * HMK22 #48565,Travel,PURCHASE,17.89,7865.07,CC435912
2025-05-01,2025-05-01,THE 5 SPOT NASHVILLE TN I1SV,Food & Dining,PURCHASE,39.68,7904.75,CC662523
2025-05-01,2025-05-01,UBER *TRIP #90216,Auto & Transport,PURCHASE,42.11,7946.86,CC124318
2025-05-01,2025-05-01,AIRBNB * HMK22 NASHVILLE TN EJ1P,Travel,PURCHASE,19.21,7966.07,CC222359
2025-05-02,2025-05-01,SPOTIFY USA,Entertainment,PURCHASE,11.99,7978.06,CC862334
2025-05-03,2025-05-03,AMAZON.COM*RT4 #49770,Shopping,PURCHASE,80.42,8058.48,CC897285
2025-05-04,2025-05-04,TARGET 00021435 #84874,Shopping,PURCHASE,76.79,8135.27,CC104352
2025-05-04,2025-05-04,THE 5 SPOT ATLANTA GA J39W,Food & Dining,PURCHASE,52.01,8187.28,CC898788
2025-05-04,2025-05-02,BANDCAMP ATLANTA GA 54V0,Entertainment,PURCHASE,30.56,8217.84,CC445912
2025-05-05,2025-05-03,HULU 877-8244869,Entertainment,PURCHASE,17.99,8235.83,CC324480
2025-05-05,2025-05-03,NYTIMES DIGITAL,Bills & Utilities,PURCHASE,17.00,8252.83,CC266874
2025-05-05,2025-05-03,WHOLEFDS NSH MURFREESBORO TN VZG9,Groceries,PURCHASE,103.65,8356.48,CC377186
2025-05-05,2025-05-05,MARSHALLS #812 FRANKLIN TN CGLL,Shopping,PURCHASE,25.51,8381.99,CC338923
2025-05-06,2025-05-06,CVS/PHARM 04412 #48667,Personal Care,PURCHASE,10.91,8392.90,CC945803
2025-05-06,2025-05-04,MARSHALLS #812 #79627,Shopping,PURCHASE,14.18,8407.08,CC735788
2025-05-08,2025-05-06,THE 5 SPOT #5148,Food & Dining,PURCHASE,45.31,8452.39,CC984475
2025-05-08,2025-05-08,MARRIOTT ATLANTA FRANKLIN TN 55UF,Travel,PURCHASE,34.53,8486.92,CC156131
2025-05-09,2025-05-08,RYMAN BOX OFFICE #66312,Entertainment,PURCHASE,18.63,8505.55,CC905075
2025-05-10,2025-05-08,APPLE.COM/BILL ICLOUD,Bills & Utilities,PURCHASE,2.99,8508.54,CC748224
2025-05-11,2025-05-10,CVS/PHARM 04412 FRANKLIN TN 73T6,Personal Care,PURCHASE,14.11,8522.65,CC141392
2025-05-12,2025-05-11,SHELL OIL 574 #27072,Auto & Transport,PURCHASE,41.64,8564.29,CC843188
2025-05-12,2025-05-10,PRINCES HOT CHICKEN MEMPHIS TN 3D1H,Food & Dining,PURCHASE,26.42,8590.71,CC400111
2025-05-13,2025-05-11,BISCUIT LOVE #95198,Food & Dining,PURCHASE,30.11,8620.82,CC202212
2025-05-13,2025-05-11,ALDI 64 MURFREESBORO TN HUYY,Groceries,PURCHASE,119.59,8740.41,CC764510
2025-05-13,2025-05-12,SUMMIT ONE CARD - PAYMENT THANK YOU,Transfer,PAYMENT,-1507.46,7232.95,CC843791
2025-05-14,2025-05-13,AMAZON.COM*RT4 NASHVILLE TN 2AXE,Shopping,PURCHASE,64.82,7297.77,CC626306
2025-05-15,2025-05-14,TARGET 00021435 NSH TN CAD9,Shopping,PURCHASE,19.99,7317.76,CC424034
2025-05-16,2025-05-16,REI NASHVILLE #34053,Shopping,PURCHASE,47.48,7365.24,CC294683
2025-05-16,2025-05-14,BISCUIT LOVE NSH TN WVP8,Food & Dining,PURCHASE,57.93,7423.17,CC791350
2025-05-17,2025-05-17,CVS/PHARM 04412 ATLANTA GA 07FA,Personal Care,PURCHASE,26.27,7449.44,CC491555
2025-05-18,2025-05-18,PUBLIX 1394 NSH TN 4JPD,Groceries,PURCHASE,76.20,7525.64,CC111621
2025-05-20,2025-05-18,TARGET 00021435 MEMPHIS TN GJ19,Shopping,PURCHASE,40.83,7566.47,CC907827
2025-05-21,2025-05-20,TARGET 00021435 MEMPHIS TN 1JPM,Shopping,PURCHASE,67.53,7634.00,CC178845
2025-05-21,2025-05-21,MAPCO 5521 #13717,Auto & Transport,PURCHASE,41.02,7675.02,CC150349
2025-05-22,2025-05-21,MARRIOTT ATLANTA #40427,Travel,PURCHASE,30.13,7705.15,CC810892
2025-05-22,2025-05-21,BP#9123 #35459,Auto & Transport,PURCHASE,11.23,7716.38,CC686131
2025-05-22,2025-05-21,WALGREENS 6621 NASHVILLE TN 1P85,Personal Care,PURCHASE,23.07,7739.45,CC705182
2025-05-22,2025-05-20,PLANET FITNESS,Health & Fitness,PURCHASE,24.99,7764.44,CC540622
2025-05-24,2025-05-24,TARGET 00021435 NASHVILLE TN 87QM,Shopping,PURCHASE,36.57,7801.01,CC352327
2025-05-24,2025-05-24,MAPCO 5521 #17516,Auto & Transport,PURCHASE,21.55,7822.56,CC891785
2025-05-25,2025-05-23,EXIT/IN TICKETS MURFREESBORO TN L8VW,Entertainment,PURCHASE,15.40,7837.96,CC788304
2025-05-31,2025-05-30,INTEREST CHARGE - PURCHASES,Fees & Charges,INTEREST,163.42,8001.38,CC907274
2025-06-01,2025-06-01,BANDCAMP NASHVILLE TN 2CA8,Entertainment,PURCHASE,8.59,8009.97,CC413609
2025-06-01,2025-06-01,ETSY.COM MURFREESBORO TN O0PG,Shopping,PURCHASE,22.63,8032.60,CC364914
2025-06-02,2025-06-02,APPLE.COM/BILL ICLOUD,Bills & Utilities,PURCHASE,2.99,8035.59,CC749567
2025-06-02,2025-06-02,THE 5 SPOT MURFREESBORO TN AYKM,Food & Dining,PURCHASE,30.13,8065.72,CC395708
2025-06-03,2025-06-03,ETSY.COM #85502,Shopping,PURCHASE,76.27,8141.99,CC167734
2025-06-04,2025-06-03,SPOTIFY USA,Entertainment,PURCHASE,11.99,8153.98,CC994247
2025-06-05,2025-06-05,SOUTHWEST AIR 526 MURFREESBORO TN 5GH4,Travel,PURCHASE,40.70,8194.68,CC444321
2025-06-05,2025-06-05,UBER *TRIP #52215,Auto & Transport,PURCHASE,32.73,8227.41,CC715954
2025-06-05,2025-06-03,BANDCAMP #38005,Entertainment,PURCHASE,27.73,8255.14,CC839194
2025-06-05,2025-06-04,WHOLEFDS NSH FRANKLIN TN 8JN1,Groceries,PURCHASE,102.64,8357.78,CC714434
2025-06-06,2025-06-06,AMAZON.COM*RT4 #33686,Shopping,PURCHASE,68.65,8426.43,CC152887
2025-06-06,2025-06-06,WHOLEFDS NSH #24809,Groceries,PURCHASE,62.45,8488.88,CC338417
2025-06-06,2025-06-05,BISCUIT LOVE #16871,Food & Dining,PURCHASE,31.10,8519.98,CC524301
2025-06-06,2025-06-06,PLANET FITNESS,Health & Fitness,PURCHASE,24.99,8544.97,CC957595
2025-06-07,2025-06-06,PUBLIX 1394 #75203,Groceries,PURCHASE,118.29,8663.26,CC573545
2025-06-07,2025-06-06,TRADER JOES #482 NSH TN KJ60,Groceries,PURCHASE,23.04,8686.30,CC809670
2025-06-08,2025-06-07,BP#9123 NSH TN 2LE7,Auto & Transport,PURCHASE,46.89,8733.19,CC374664
2025-06-09,2025-06-08,THE 5 SPOT MEMPHIS TN AVN5,Food & Dining,PURCHASE,38.07,8771.26,CC180314
2025-06-09,2025-06-07,AIRBNB * HMK22 ATLANTA GA OIPA,Travel,PURCHASE,38.37,8809.63,CC735910
2025-06-10,2025-06-08,NYTIMES DIGITAL,Bills & Utilities,PURCHASE,17.00,8826.63,CC135568
2025-06-10,2025-06-09,RYMAN BOX OFFICE ATLANTA GA RS5C,Entertainment,PURCHASE,29.72,8856.35,CC194209
2025-06-10,2025-06-10,AMAZON.COM*RT4 #91614,Shopping,PURCHASE,27.91,8884.26,CC252028
2025-06-11,2025-06-11,SUMMIT ONE CARD - PAYMENT THANK YOU,Transfer,PAYMENT,-1500.13,7384.13,CC552340
2025-06-13,2025-06-13,LYFT *RIDE #93589,Auto & Transport,PURCHASE,35.78,7419.91,CC798094
2025-06-14,2025-06-12,THE 5 SPOT #94834,Food & Dining,PURCHASE,20.74,7440.65,CC399602
2025-06-14,2025-06-12,REI NASHVILLE #34765,Shopping,PURCHASE,45.37,7486.02,CC596335
2025-06-14,2025-06-12,ETSY.COM #19209,Shopping,PURCHASE,68.41,7554.43,CC771884
2025-06-17,2025-06-17,SOUTHWEST AIR 526 MURFREESBORO TN H78N,Travel,PURCHASE,17.57,7572.00,CC585192
2025-06-17,2025-06-17,MAPCO 5521 NSH TN R2T1,Auto & Transport,PURCHASE,29.25,7601.25,CC561653
2025-06-18,2025-06-17,ROLF & DAUGHTERS #12012,Food & Dining,PURCHASE,25.35,7626.60,CC848907
2025-06-19,2025-06-19,UBER *TRIP #95629,Auto & Transport,PURCHASE,31.23,7657.83,CC972762
2025-06-21,2025-06-20,ROLF & DAUGHTERS ATLANTA GA F7AJ,Food & Dining,PURCHASE,46.72,7704.55,CC976505
2025-06-22,2025-06-20,BANDCAMP MURFREESBORO TN NSPE,Entertainment,PURCHASE,30.30,7734.85,CC850588
2025-06-22,2025-06-21,PRINCES HOT CHICKEN MEMPHIS TN XU8D,Food & Dining,PURCHASE,33.19,7768.04,CC151248
2025-06-22,2025-06-20,HULU 877-8244869,Entertainment,PURCHASE,17.99,7786.03,CC276498
2025-06-23,2025-06-22,SHELL OIL 574 #7974,Auto & Transport,PURCHASE,34.50,7820.53,CC158313
2025-06-23,2025-06-23,MARSHALLS #812 #84026,Shopping,PURCHASE,64.53,7885.06,CC913433
2025-06-24,2025-06-23,STEAM GAMES #83128,Entertainment,PURCHASE,19.90,7904.96,CC454724
2025-06-24,2025-06-22,MARRIOTT ATLANTA #91703,Travel,PURCHASE,32.99,7937.95,CC885689
2025-06-25,2025-06-25,SHELL OIL 574 #58267,Auto & Transport,PURCHASE,48.20,7986.15,CC677906
2025-06-30,2025-06-29,INTEREST CHARGE - PURCHASES,Fees & Charges,INTEREST,166.63,8152.78,CC699379
2025-07-01,2025-07-01,REI NASHVILLE NASHVILLE TN T9B6,Shopping,PURCHASE,70.08,8222.86,CC592837
2025-07-01,2025-07-01,ALDI 64 #68953,Groceries,PURCHASE,61.03,8283.89,CC210663
2025-07-01,2025-07-01,HULU 877-8244869,Entertainment,PURCHASE,17.99,8301.88,CC526119
2025-07-02,2025-07-01,SOUTHWEST AIR 526 #2068,Travel,PURCHASE,11.28,8313.16,CC961088
2025-07-02,2025-07-01,WALGREENS 6621 #42922,Personal Care,PURCHASE,24.39,8337.55,CC957858
2025-07-02,2025-07-01,BP#9123 #26969,Auto & Transport,PURCHASE,30.05,8367.60,CC153895
2025-07-03,2025-07-02,SEPHORA 1123 NSH TN KEAU,Personal Care,PURCHASE,19.37,8386.97,CC958885
2025-07-03,2025-07-02,ALAMO DRAFTHOUSE #99944,Entertainment,PURCHASE,26.93,8413.90,CC971946
2025-07-05,2025-07-05,NASH HOUSE CAFE NASHVILLE TN C889,Food & Dining,PURCHASE,68.57,8482.47,CC184702
2025-07-05,2025-07-05,MAPCO 5521 FRANKLIN TN VPCF,Auto & Transport,PURCHASE,36.15,8518.62,CC779154
2025-07-05,2025-07-04,ETSY.COM MURFREESBORO TN JJKY,Shopping,PURCHASE,57.30,8575.92,CC871527
2025-07-05,2025-07-04,MARSHALLS #812 ATLANTA GA 9YH9,Shopping,PURCHASE,58.22,8634.14,CC591497
2025-07-05,2025-07-05,SEPHORA 1123 #20409,Personal Care,PURCHASE,16.03,8650.17,CC900029
2025-07-06,2025-07-05,TRADER JOES #482 #52344,Groceries,PURCHASE,85.19,8735.36,CC397985
2025-07-09,2025-07-09,CVS/PHARM 04412 MURFREESBORO TN 8J9F,Personal Care,PURCHASE,16.20,8751.56,CC266803
2025-07-09,2025-07-09,AIRBNB * HMK22 #1244,Travel,PURCHASE,10.60,8762.16,CC691454
2025-07-10,2025-07-08,SPOTIFY USA,Entertainment,PURCHASE,11.99,8774.15,CC455832
2025-07-10,2025-07-10,ALAMO DRAFTHOUSE FRANKLIN TN 0PCF,Entertainment,PURCHASE,21.40,8795.55,CC973586
2025-07-10,2025-07-10,TARGET 00021435 NASHVILLE TN YGV9,Shopping,PURCHASE,13.49,8809.04,CC446070
2025-07-10,2025-07-09,BANDCAMP ATLANTA GA 7S16,Entertainment,PURCHASE,25.68,8834.72,CC426843
2025-07-10,2025-07-09,ROLF & DAUGHTERS FRANKLIN TN QYJR,Food & Dining,PURCHASE,20.37,8855.09,CC733429
2025-07-11,2025-07-09,PUBLIX 1394 MEMPHIS TN Y1UK,Groceries,PURCHASE,121.18,8976.27,CC133528
2025-07-11,2025-07-09,ROLF & DAUGHTERS #93794,Food & Dining,PURCHASE,83.04,9059.31,CC317014
2025-07-11,2025-07-09,KROGER #715 #62168,Groceries,PURCHASE,113.83,9173.14,CC755018
2025-07-12,2025-07-12,SHELL OIL 574 NASHVILLE TN 2JWP,Auto & Transport,PURCHASE,28.24,9201.38,CC434558
2025-07-12,2025-07-12,SUMMIT ONE CARD - PAYMENT THANK YOU,Transfer,PAYMENT,-1558.32,7643.06,CC439807
2025-07-13,2025-07-11,RYMAN BOX OFFICE #56999,Entertainment,PURCHASE,10.16,7653.22,CC394540
2025-07-13,2025-07-12,NASH HOUSE CAFE #98252,Food & Dining,PURCHASE,31.67,7684.89,CC450983
2025-07-13,2025-07-12,MAPCO 5521 #64766,Auto & Transport,PURCHASE,27.95,7712.84,CC133874
2025-07-14,2025-07-14,MARRIOTT ATLANTA FRANKLIN TN KUDE,Travel,PURCHASE,37.52,7750.36,CC443019
2025-07-14,2025-07-13,BANDCAMP ATLANTA GA J7V6,Entertainment,PURCHASE,7.50,7757.86,CC261233
2025-07-14,2025-07-13,APPLE.COM/BILL ICLOUD,Bills & Utilities,PURCHASE,2.99,7760.85,CC158290
2025-07-14,2025-07-13,ROLF & DAUGHTERS #20579,Food & Dining,PURCHASE,29.50,7790.35,CC104384
2025-07-14,2025-07-14,LYFT *RIDE #39914,Auto & Transport,PURCHASE,45.78,7836.13,CC147824
2025-07-15,2025-07-15,SHELL OIL 574 #36981,Auto & Transport,PURCHASE,28.72,7864.85,CC279747
2025-07-16,2025-07-14,MARSHALLS #812 #30235,Shopping,PURCHASE,56.17,7921.02,CC877368
2025-07-17,2025-07-17,AIRBNB * HMK22 NASHVILLE TN 6FNW,Travel,PURCHASE,35.09,7956.11,CC447126
2025-07-17,2025-07-17,BP#9123 #67770,Auto & Transport,PURCHASE,36.54,7992.65,CC855576
2025-07-18,2025-07-17,BANDCAMP NSH TN FLVS,Entertainment,PURCHASE,13.19,8005.84,CC530976
2025-07-18,2025-07-17,PLANET FITNESS,Health & Fitness,PURCHASE,24.99,8030.83,CC688601
2025-07-19,2025-07-18,PUBLIX 1394 #66241,Groceries,PURCHASE,34.66,8065.49,CC328949
2025-07-19,2025-07-19,BISCUIT LOVE #4800,Food & Dining,PURCHASE,28.54,8094.03,CC153311
2025-07-20,2025-07-20,SHELL OIL 574 #29340,Auto & Transport,PURCHASE,7.54,8101.57,CC328092
2025-07-20,2025-07-20,MARRIOTT ATLANTA #53171,Travel,PURCHASE,25.94,8127.51,CC880684
2025-07-20,2025-07-18,LYFT *RIDE FRANKLIN TN 5SWE,Auto & Transport,PURCHASE,12.12,8139.63,CC651444
2025-07-21,2025-07-21,TARGET 00021435 MURFREESBORO TN SJ3Q,Shopping,PURCHASE,34.96,8174.59,CC256911
2025-07-22,2025-07-20,STEAM GAMES NSH TN 7SQN,Entertainment,PURCHASE,6.24,8180.83,CC343536
2025-07-23,2025-07-22,KROGER #715 #91714,Groceries,PURCHASE,48.39,8229.22,CC904913
2025-07-23,2025-07-22,MARSHALLS #812 #18720,Shopping,PURCHASE,54.28,8283.50,CC307538
2025-07-23,2025-07-21,NYTIMES DIGITAL,Bills & Utilities,PURCHASE,17.00,8300.50,CC150616
2025-07-24,2025-07-23,BP#9123 #60976,Auto & Transport,PURCHASE,21.01,8321.51,CC639613
2025-07-24,2025-07-23,THE 5 SPOT #32503,Food & Dining,PURCHASE,70.11,8391.62,CC857890
2025-07-31,2025-07-30,INTEREST CHARGE - PURCHASES,Fees & Charges,INTEREST,169.78,8561.40,CC102338
2025-08-01,2025-08-01,SPOTIFY USA,Entertainment,PURCHASE,11.99,8573.39,CC936985
2025-08-04,2025-08-04,WHOLEFDS NSH ATLANTA GA KWUV,Groceries,PURCHASE,55.73,8629.12,CC796583
2025-08-04,2025-08-03,CVS/PHARM 04412 #62344,Personal Care,PURCHASE,22.15,8651.27,CC673222
2025-08-04,2025-08-03,GREAT CLIPS 7781 NSH TN KP0N,Personal Care,PURCHASE,7.75,8659.02,CC833694
2025-08-05,2025-08-04,THE 5 SPOT #70375,Food & Dining,PURCHASE,47.95,8706.97,CC706624
2025-08-05,2025-08-04,STEAM GAMES ATLANTA GA KNQJ,Entertainment,PURCHASE,20.36,8727.33,CC477361
2025-08-05,2025-08-04,AIRBNB * HMK22 MURFREESBORO TN FKXP,Travel,PURCHASE,31.16,8758.49,CC609318
2025-08-06,2025-08-04,HULU 877-8244869,Entertainment,PURCHASE,17.99,8776.48,CC667866
2025-08-06,2025-08-04,AMAZON.COM*RT4 NASHVILLE TN ZJEC,Shopping,PURCHASE,42.93,8819.41,CC406331
2025-08-06,2025-08-06,CVS/PHARM 04412 #47409,Personal Care,PURCHASE,25.53,8844.94,CC471309
2025-08-08,2025-08-07,CVS/PHARM 04412 ATLANTA GA I125,Personal Care,PURCHASE,23.94,8868.88,CC958637
2025-08-08,2025-08-06,DELTA AIR 0061 MEMPHIS TN B1ZJ,Travel,PURCHASE,37.07,8905.95,CC256109
2025-08-08,2025-08-08,BP#9123 MURFREESBORO TN SXIL,Auto & Transport,PURCHASE,21.79,8927.74,CC135764
2025-08-09,2025-08-09,RYMAN BOX OFFICE FRANKLIN TN EXJY,Entertainment,PURCHASE,25.05,8952.79,CC778784
2025-08-10,2025-08-10,AMAZON.COM*RT4 #16884,Shopping,PURCHASE,12.70,8965.49,CC193008
2025-08-10,2025-08-08,BANDCAMP #86141,Entertainment,PURCHASE,15.93,8981.42,CC628668
2025-08-11,2025-08-09,LYFT *RIDE #12151,Auto & Transport,PURCHASE,36.61,9018.03,CC746860
2025-08-12,2025-08-10,NYTIMES DIGITAL,Bills & Utilities,PURCHASE,17.00,9035.03,CC754118
2025-08-12,2025-08-10,PLANET FITNESS,Health & Fitness,PURCHASE,24.99,9060.02,CC103010
2025-08-13,2025-08-11,PRINCES HOT CHICKEN #11576,Food & Dining,PURCHASE,41.76,9101.78,CC918910
2025-08-13,2025-08-12,LYFT *RIDE NSH TN X3DP,Auto & Transport,PURCHASE,11.86,9113.64,CC308249
2025-08-13,2025-08-13,RYMAN BOX OFFICE NSH TN BCZY,Entertainment,PURCHASE,24.70,9138.34,CC499376
2025-08-16,2025-08-16,BANDCAMP NASHVILLE TN WR3T,Entertainment,PURCHASE,25.84,9164.18,CC494563
2025-08-16,2025-08-15,DELTA AIR 0061 MEMPHIS TN EM7O,Travel,PURCHASE,33.84,9198.02,CC401067
2025-08-16,2025-08-14,SUMMIT ONE CARD - PAYMENT THANK YOU,Transfer,PAYMENT,-1623.85,7574.17,CC928440
2025-08-17,2025-08-16,DELTA AIR 0061 #78598,Travel,PURCHASE,15.05,7589.22,CC418074
2025-08-18,2025-08-16,PUBLIX 1394 MURFREESBORO TN FYGI,Groceries,PURCHASE,71.44,7660.66,CC914391
2025-08-18,2025-08-18,AMAZON.COM*RT4 #88754,Shopping,PURCHASE,22.14,7682.80,CC495234
2025-08-19,2025-08-18,ALDI 64 #39773,Groceries,PURCHASE,128.34,7811.14,CC965640
2025-08-20,2025-08-20,BP#9123 #80431,Auto & Transport,PURCHASE,28.23,7839.37,CC131490
2025-08-21,2025-08-20,EXIT/IN TICKETS ATLANTA GA E4GZ,Entertainment,PURCHASE,22.13,7861.50,CC792323
2025-08-22,2025-08-22,WALGREENS 6621 #6855,Personal Care,PURCHASE,20.06,7881.56,CC128826
2025-08-22,2025-08-21,ALDI 64 NASHVILLE TN MLOP,Groceries,PURCHASE,35.60,7917.16,CC453754
2025-08-23,2025-08-22,APPLE.COM/BILL ICLOUD,Bills & Utilities,PURCHASE,2.99,7920.15,CC775407
2025-08-23,2025-08-22,WALGREENS 6621 NSH TN 66LX,Personal Care,PURCHASE,15.13,7935.28,CC553492
2025-08-24,2025-08-23,LYFT *RIDE #82039,Auto & Transport,PURCHASE,11.68,7946.96,CC562365
2025-08-24,2025-08-23,ROLF & DAUGHTERS #56082,Food & Dining,PURCHASE,33.77,7980.73,CC485435
2025-08-24,2025-08-24,LYFT *RIDE ATLANTA GA O4XD,Auto & Transport,PURCHASE,33.32,8014.05,CC576360
2025-08-25,2025-08-25,WALGREENS 6621 FRANKLIN TN JMY5,Personal Care,PURCHASE,10.36,8024.41,CC734620
2025-08-25,2025-08-23,UBER *TRIP #54644,Auto & Transport,PURCHASE,37.40,8061.81,CC664369
2025-08-31,2025-08-31,INTEREST CHARGE - PURCHASES,Fees & Charges,INTEREST,178.29,8240.10,CC120476
2025-09-01,2025-09-01,GREAT CLIPS 7781 #90625,Personal Care,PURCHASE,26.65,8266.75,CC325561
2025-09-02,2025-09-02,SEPHORA 1123 ATLANTA GA T7PM,Personal Care,PURCHASE,19.92,8286.67,CC759744
2025-09-02,2025-09-01,AIRBNB * HMK22 #60704,Travel,PURCHASE,34.77,8321.44,CC632759
2025-09-02,2025-09-01,PUBLIX 1394 MEMPHIS TN 377H,Groceries,PURCHASE,70.16,8391.60,CC511015
2025-09-03,2025-09-01,PUBLIX 1394 #1953,Groceries,PURCHASE,67.39,8458.99,CC821322
2025-09-04,2025-09-02,AMAZON.COM*RT4 #55796,Shopping,PURCHASE,17.23,8476.22,CC759328
2025-09-04,2025-09-03,SOUTHWEST AIR 526 MURFREESBORO TN KJJ4,Travel,PURCHASE,24.57,8500.79,CC276257
2025-09-04,2025-09-04,REI NASHVILLE #18545,Shopping,PURCHASE,45.68,8546.47,CC163634
2025-09-05,2025-09-05,UBER *TRIP #65089,Auto & Transport,PURCHASE,10.45,8556.92,CC171133
2025-09-06,2025-09-04,THE 5 SPOT #15757,Food & Dining,PURCHASE,78.11,8635.03,CC157576
2025-09-06,2025-09-06,AMAZON.COM*RT4 #81960,Shopping,PURCHASE,40.26,8675.29,CC785741
2025-09-06,2025-09-04,SEPHORA 1123 NASHVILLE TN PIEF,Personal Care,PURCHASE,10.84,8686.13,CC753668
2025-09-07,2025-09-07,PUBLIX 1394 NASHVILLE TN GAMO,Groceries,PURCHASE,70.35,8756.48,CC641745
2025-09-07,2025-09-07,TARGET 00021435 #93157,Shopping,PURCHASE,54.26,8810.74,CC785322
2025-09-07,2025-09-07,NYTIMES DIGITAL,Bills & Utilities,PURCHASE,17.00,8827.74,CC911975
2025-09-08,2025-09-06,EXIT/IN TICKETS #59127,Entertainment,PURCHASE,14.14,8841.88,CC712729
2025-09-08,2025-09-07,DELTA AIR 0061 #14169,Travel,PURCHASE,33.65,8875.53,CC100072
2025-09-08,2025-09-08,REI NASHVILLE #6940,Shopping,PURCHASE,78.73,8954.26,CC900280
2025-09-09,2025-09-08,SEPHORA 1123 NSH TN EFS1,Personal Care,PURCHASE,7.75,8962.01,CC342883
2025-09-09,2025-09-09,DOSE COFFEE #8899,Food & Dining,PURCHASE,84.50,9046.51,CC255192
2025-09-10,2025-09-08,LYFT *RIDE NSH TN 4J36,Auto & Transport,PURCHASE,30.10,9076.61,CC212384
2025-09-10,2025-09-10,WALGREENS 6621 #16533,Personal Care,PURCHASE,25.41,9102.02,CC633089
2025-09-10,2025-09-08,PLANET FITNESS,Health & Fitness,PURCHASE,24.99,9127.01,CC697728
2025-09-11,2025-09-11,DOSE COFFEE #97062,Food & Dining,PURCHASE,46.48,9173.49,CC953795
2025-09-11,2025-09-11,TARGET 00021435 #1302,Shopping,PURCHASE,37.00,9210.49,CC921545
2025-09-12,2025-09-10,LYFT *RIDE #16851,Auto & Transport,PURCHASE,11.84,9222.33,CC379954
2025-09-13,2025-09-11,AMAZON.COM*RT4 MEMPHIS TN FD8I,Shopping,PURCHASE,44.44,9266.77,CC828740
2025-09-13,2025-09-13,TRADER JOES #482 #22169,Groceries,PURCHASE,99.33,9366.10,CC456962
2025-09-14,2025-09-14,SEPHORA 1123 #98291,Personal Care,PURCHASE,26.94,9393.04,CC386096
2025-09-14,2025-09-12,MARRIOTT ATLANTA #3882,Travel,PURCHASE,14.62,9407.66,CC813160
2025-09-14,2025-09-12,MAPCO 5521 #52953,Auto & Transport,PURCHASE,43.59,9451.25,CC370788
2025-09-15,2025-09-13,ROLF & DAUGHTERS #50146,Food & Dining,PURCHASE,15.19,9466.44,CC380766
2025-09-15,2025-09-15,TARGET 00021435 #42729,Shopping,PURCHASE,38.25,9504.69,CC100605
2025-09-15,2025-09-15,GREAT CLIPS 7781 NSH TN PVPP,Personal Care,PURCHASE,19.59,9524.28,CC591627
2025-09-16,2025-09-14,REI NASHVILLE FRANKLIN TN B0VR,Shopping,PURCHASE,44.38,9568.66,CC564085
2025-09-16,2025-09-14,SOUTHWEST AIR 526 #6127,Travel,PURCHASE,28.54,9597.20,CC214029
2025-09-16,2025-09-14,SUMMIT ONE CARD - PAYMENT THANK YOU,Transfer,PAYMENT,-1212.58,8384.62,CC727033
2025-09-17,2025-09-17,NASH HOUSE CAFE #85633,Food & Dining,PURCHASE,70.54,8455.16,CC219094
2025-09-17,2025-09-17,AIRBNB * HMK22 #90776,Travel,PURCHASE,32.06,8487.22,CC632184
2025-09-17,2025-09-17,SEPHORA 1123 MEMPHIS TN GZAH,Personal Care,PURCHASE,22.50,8509.72,CC812550
2025-09-18,2025-09-18,THE 5 SPOT MEMPHIS TN KQO1,Food & Dining,PURCHASE,79.73,8589.45,CC635737
2025-09-19,2025-09-17,ALDI 64 #25657,Groceries,PURCHASE,30.08,8619.53,CC367939
2025-09-19,2025-09-18,NASH HOUSE CAFE NASHVILLE TN FIWE,Food & Dining,PURCHASE,64.60,8684.13,CC238129
2025-09-19,2025-09-17,SHELL OIL 574 #40978,Auto & Transport,PURCHASE,42.25,8726.38,CC123450
2025-09-19,2025-09-19,PUBLIX 1394 #98993,Groceries,PURCHASE,42.65,8769.03,CC804514
2025-09-19,2025-09-17,AMAZON.COM*RT4 ATLANTA GA A1MN,Shopping,PURCHASE,38.04,8807.07,CC954889
2025-09-20,2025-09-19,HULU 877-8244869,Entertainment,PURCHASE,17.99,8825.06,CC138903
2025-09-20,2025-09-18,SPOTIFY USA,Entertainment,PURCHASE,11.99,8837.05,CC264032
2025-09-20,2025-09-19,ALAMO DRAFTHOUSE #75798,Entertainment,PURCHASE,27.78,8864.83,CC846374
2025-09-20,2025-09-20,TRADER JOES #482 FRANKLIN TN 2THU,Groceries,PURCHASE,78.56,8943.39,CC423700
2025-09-20,2025-09-18,NASH HOUSE CAFE #46119,Food & Dining,PURCHASE,30.31,8973.70,CC654389
2025-09-20,2025-09-20,BP#9123 #76799,Auto & Transport,PURCHASE,16.81,8990.51,CC412139
2025-09-21,2025-09-19,SEPHORA 1123 #63765,Personal Care,PURCHASE,12.96,9003.47,CC469379
2025-09-23,2025-09-21,NASH HOUSE CAFE #14454,Food & Dining,PURCHASE,70.77,9074.24,CC254460
2025-09-23,2025-09-21,MARSHALLS #812 #51418,Shopping,PURCHASE,37.84,9112.08,CC997984
2025-09-24,2025-09-22,AIRBNB * HMK22 NASHVILLE TN X0QB,Travel,PURCHASE,38.47,9150.55,CC107306
2025-09-24,2025-09-22,ALAMO DRAFTHOUSE #60147,Entertainment,PURCHASE,23.99,9174.54,CC530469
2025-09-25,2025-09-23,APPLE.COM/BILL ICLOUD,Bills & Utilities,PURCHASE,2.99,9177.53,CC927969
2025-09-25,2025-09-23,MARRIOTT ATLANTA NASHVILLE TN B8NW,Travel,PURCHASE,31.37,9208.90,CC916981
2025-09-30,2025-09-30,INTEREST CHARGE - PURCHASES,Fees & Charges,INTEREST,171.60,9380.50,CC133283
2025-10-01,2025-10-01,MAPCO 5521 #33430,Auto & Transport,PURCHASE,19.12,9399.62,CC695083
2025-10-02,2025-10-02,BANDCAMP #47583,Entertainment,PURCHASE,15.51,9415.13,CC592633
2025-10-02,2025-10-02,GREAT CLIPS 7781 #53357,Personal Care,PURCHASE,8.30,9423.43,CC765008
2025-10-02,2025-10-01,SPOTIFY USA,Entertainment,PURCHASE,11.99,9435.42,CC881459
2025-10-02,2025-10-02,TRADER JOES #482 #18525,Groceries,PURCHASE,132.32,9567.74,CC681104
2025-10-03,2025-10-02,BP#9123 NASHVILLE TN ID82,Auto & Transport,PURCHASE,11.40,9579.14,CC212564
2025-10-03,2025-10-03,GREAT CLIPS 7781 #91632,Personal Care,PURCHASE,8.09,9587.23,CC173111
2025-10-04,2025-10-04,PUBLIX 1394 #64784,Groceries,PURCHASE,135.47,9722.70,CC657578
2025-10-04,2025-10-03,SOUTHWEST AIR 526 #15224,Travel,PURCHASE,17.49,9740.19,CC826017
2025-10-04,2025-10-04,ALAMO DRAFTHOUSE #3091,Entertainment,PURCHASE,6.80,9746.99,CC790502
2025-10-04,2025-10-02,AMAZON.COM*RT4 MURFREESBORO TN N5UX,Shopping,PURCHASE,14.46,9761.45,CC512498
2025-10-04,2025-10-04,STEAM GAMES #36356,Entertainment,PURCHASE,8.17,9769.62,CC665577
2025-10-04,2025-10-04,PLANET FITNESS,Health & Fitness,PURCHASE,24.99,9794.61,CC817147
2025-10-05,2025-10-04,WALGREENS 6621 #40439,Personal Care,PURCHASE,11.38,9805.99,CC761865
2025-10-06,2025-10-05,NASH HOUSE CAFE NSH TN 6VHV,Food & Dining,PURCHASE,89.25,9895.24,CC487548
2025-10-06,2025-10-05,EXIT/IN TICKETS #35318,Entertainment,PURCHASE,18.07,9913.31,CC294157
2025-10-08,2025-10-08,MAPCO 5521 #80783,Auto & Transport,PURCHASE,18.81,9932.12,CC823528
2025-10-11,2025-10-10,SUMMIT ONE CARD - PAYMENT THANK YOU,Transfer,PAYMENT,-1935.58,7996.54,CC799247
2025-10-12,2025-10-11,BP#9123 NASHVILLE TN FZSD,Auto & Transport,PURCHASE,11.82,8008.36,CC454394
2025-10-12,2025-10-11,ROLF & DAUGHTERS #35739,Food & Dining,PURCHASE,51.68,8060.04,CC745670
2025-10-12,2025-10-10,APPLE.COM/BILL ICLOUD,Bills & Utilities,PURCHASE,2.99,8063.03,CC199543
2025-10-13,2025-10-11,PUBLIX 1394 #26891,Groceries,PURCHASE,31.02,8094.05,CC615298
2025-10-14,2025-10-12,GREAT CLIPS 7781 #88070,Personal Care,PURCHASE,20.87,8114.92,CC146641
2025-10-14,2025-10-14,MARSHALLS #812 #98612,Shopping,PURCHASE,15.47,8130.39,CC948088
2025-10-14,2025-10-12,NYTIMES DIGITAL,Bills & Utilities,PURCHASE,17.00,8147.39,CC908168
2025-10-15,2025-10-14,CVS/PHARM 04412 #63318,Personal Care,PURCHASE,19.49,8166.88,CC983366
2025-10-15,2025-10-15,AMAZON.COM*RT4 ATLANTA GA NKQW,Shopping,PURCHASE,64.47,8231.35,CC456045
2025-10-15,2025-10-14,MARRIOTT ATLANTA ATLANTA GA 5XQW,Travel,PURCHASE,16.26,8247.61,CC379682
2025-10-15,2025-10-14,NASH HOUSE CAFE #42033,Food & Dining,PURCHASE,64.11,8311.72,CC326579
2025-10-17,2025-10-17,STEAM GAMES FRANKLIN TN XRQH,Entertainment,PURCHASE,18.15,8329.87,CC633399
2025-10-17,2025-10-17,WHOLEFDS NSH #65133,Groceries,PURCHASE,31.24,8361.11,CC643544
2025-10-17,2025-10-16,BANDCAMP #24183,Entertainment,PURCHASE,14.41,8375.52,CC264964
2025-10-17,2025-10-17,BANDCAMP #48279,Entertainment,PURCHASE,14.41,8389.93,CC922434
2025-10-19,2025-10-19,WALGREENS 6621 #96120,Personal Care,PURCHASE,7.83,8397.76,CC126741
2025-10-19,2025-10-17,HULU 877-8244869,Entertainment,PURCHASE,17.99,8415.75,CC325200
2025-10-21,2025-10-20,DOSE COFFEE #19382,Food & Dining,PURCHASE,58.70,8474.45,CC462835
2025-10-22,2025-10-22,STEAM GAMES #83448,Entertainment,PURCHASE,9.84,8484.29,CC261565
2025-10-22,2025-10-22,AMAZON.COM*RT4 MEMPHIS TN VUOR,Shopping,PURCHASE,58.92,8543.21,CC738149
2025-10-24,2025-10-22,UBER *TRIP MEMPHIS TN TP9W,Auto & Transport,PURCHASE,36.11,8579.32,CC798234
2025-10-25,2025-10-25,KROGER #715 #51976,Groceries,PURCHASE,41.40,8620.72,CC102518
2025-10-31,2025-10-29,INTEREST CHARGE - PURCHASES,Fees & Charges,INTEREST,195.35,8816.07,CC915563
2025-11-01,2025-11-01,NASH HOUSE CAFE ATLANTA GA C6AO,Food & Dining,PURCHASE,87.12,8903.19,CC831925
2025-11-01,2025-11-01,KROGER #715 #63895,Groceries,PURCHASE,72.79,8975.98,CC895151
2025-11-01,2025-11-01,MAPCO 5521 #7122,Auto & Transport,PURCHASE,37.86,9013.84,CC948641
2025-11-01,2025-11-01,NASH HOUSE CAFE NSH TN 6DAA,Food & Dining,PURCHASE,58.77,9072.61,CC651893
2025-11-02,2025-11-02,ALDI 64 ATLANTA GA MG7M,Groceries,PURCHASE,96.10,9168.71,CC128980
2025-11-03,2025-11-03,WHOLEFDS NSH NASHVILLE TN F9O0,Groceries,PURCHASE,78.29,9247.00,CC390241
2025-11-03,2025-11-01,SOUTHWEST AIR 526 MEMPHIS TN 3S3L,Travel,PURCHASE,15.55,9262.55,CC293798
2025-11-03,2025-11-03,SHELL OIL 574 #31117,Auto & Transport,PURCHASE,47.60,9310.15,CC578947
2025-11-04,2025-11-04,CVS/PHARM 04412 #37470,Personal Care,PURCHASE,18.61,9328.76,CC954974
2025-11-04,2025-11-04,NYTIMES DIGITAL,Bills & Utilities,PURCHASE,17.00,9345.76,CC623982
2025-11-04,2025-11-04,HULU 877-8244869,Entertainment,PURCHASE,17.99,9363.75,CC129593
2025-11-05,2025-11-04,WALGREENS 6621 FRANKLIN TN 2VAH,Personal Care,PURCHASE,21.21,9384.96,CC810819
2025-11-05,2025-11-05,APPLE.COM/BILL ICLOUD,Bills & Utilities,PURCHASE,2.99,9387.95,CC728245
2025-11-05,2025-11-03,CVS/PHARM 04412 #93187,Personal Care,PURCHASE,16.11,9404.06,CC340376
2025-11-06,2025-11-04,BP#9123 #85482,Auto & Transport,PURCHASE,43.48,9447.54,CC343950
2025-11-07,2025-11-05,SEPHORA 1123 #38448,Personal Care,PURCHASE,23.63,9471.17,CC376939
2025-11-07,2025-11-07,BP#9123 #26638,Auto & Transport,PURCHASE,23.70,9494.87,CC252079
2025-11-07,2025-11-06,PLANET FITNESS,Health & Fitness,PURCHASE,24.99,9519.86,CC615922
2025-11-07,2025-11-06,STEAM GAMES #87324,Entertainment,PURCHASE,24.20,9544.06,CC119520
2025-11-08,2025-11-08,MARSHALLS #812 MEMPHIS TN D5TV,Shopping,PURCHASE,75.84,9619.90,CC599847
2025-11-08,2025-11-07,MARSHALLS #812 #13451,Shopping,PURCHASE,52.68,9672.58,CC837437
2025-11-09,2025-11-07,TRADER JOES #482 #8223,Groceries,PURCHASE,128.14,9800.72,CC840139
2025-11-09,2025-11-08,ALAMO DRAFTHOUSE #34723,Entertainment,PURCHASE,12.78,9813.50,CC654685
2025-11-11,2025-11-09,SPOTIFY USA,Entertainment,PURCHASE,11.99,9825.49,CC457891
2025-11-11,2025-11-11,AIRBNB * HMK22 MEMPHIS TN 0LA4,Travel,PURCHASE,7.51,9833.00,CC494564
2025-11-11,2025-11-10,NASH HOUSE CAFE NASHVILLE TN GRYW,Food & Dining,PURCHASE,67.73,9900.73,CC387774
2025-11-11,2025-11-10,DELTA AIR 0061 MURFREESBORO TN 4TIH,Travel,PURCHASE,37.43,9938.16,CC233399
2025-11-12,2025-11-11,BISCUIT LOVE NASHVILLE TN 7UWR,Food & Dining,PURCHASE,18.82,9956.98,CC814778
2025-11-12,2025-11-10,UBER *TRIP #13185,Auto & Transport,PURCHASE,18.72,9975.70,CC755903
2025-11-13,2025-11-11,PRINCES HOT CHICKEN #28457,Food & Dining,PURCHASE,38.19,10013.89,CC251160
2025-11-13,2025-11-12,BP#9123 #17026,Auto & Transport,PURCHASE,8.26,10022.15,CC695118
2025-11-13,2025-11-11,MARSHALLS #812 #97583,Shopping,PURCHASE,17.12,10039.27,CC855786
2025-11-14,2025-11-13,THE 5 SPOT #11978,Food & Dining,PURCHASE,32.28,10071.55,CC755017
2025-11-16,2025-11-15,SUMMIT ONE CARD - PAYMENT THANK YOU,Transfer,PAYMENT,-1395.44,8676.11,CC906868
2025-11-17,2025-11-16,SEPHORA 1123 #66341,Personal Care,PURCHASE,7.33,8683.44,CC233196
2025-11-17,2025-11-15,ALDI 64 FRANKLIN TN EFRW,Groceries,PURCHASE,97.37,8780.81,CC277909
2025-11-17,2025-11-16,TARGET 00021435 #85053,Shopping,PURCHASE,36.03,8816.84,CC378758
2025-11-18,2025-11-17,THE 5 SPOT #17732,Food & Dining,PURCHASE,78.33,8895.17,CC908428
2025-11-18,2025-11-17,ALDI 64 ATLANTA GA SFEO,Groceries,PURCHASE,26.95,8922.12,CC531387
2025-11-19,2025-11-17,TRADER JOES #482 #76030,Groceries,PURCHASE,79.04,9001.16,CC838348
2025-11-19,2025-11-19,EXIT/IN TICKETS FRANKLIN TN 9JGF,Entertainment,PURCHASE,10.25,9011.41,CC336708
2025-11-20,2025-11-19,TRADER JOES #482 FRANKLIN TN 1OMT,Groceries,PURCHASE,115.08,9126.49,CC572795
2025-11-22,2025-11-21,GREAT CLIPS 7781 #92460,Personal Care,PURCHASE,23.05,9149.54,CC466807
2025-11-23,2025-11-21,EXIT/IN TICKETS NASHVILLE TN 7JRI,Entertainment,PURCHASE,19.67,9169.21,CC524672
2025-11-24,2025-11-22,SHELL OIL 574 NSH TN M9D0,Auto & Transport,PURCHASE,11.19,9180.40,CC200110
2025-11-30,2025-11-29,INTEREST CHARGE - PURCHASES,Fees & Charges,INTEREST,183.59,9363.99,CC639723
2025-12-01,2025-12-01,SHELL OIL 574 #76530,Auto & Transport,PURCHASE,30.70,9394.69,CC413446
2025-12-03,2025-12-01,HULU 877-8244869,Entertainment,PURCHASE,17.99,9412.68,CC703311
2025-12-06,2025-12-06,PLANET FITNESS,Health & Fitness,PURCHASE,24.99,9437.67,CC823715
2025-12-07,2025-12-05,STEAM GAMES NASHVILLE TN 7RJ0,Entertainment,PURCHASE,31.07,9468.74,CC871024
2025-12-07,2025-12-05,WALGREENS 6621 #92889,Personal Care,PURCHASE,22.57,9491.31,CC504440
2025-12-07,2025-12-06,GREAT CLIPS 7781 #22028,Personal Care,PURCHASE,8.25,9499.56,CC182306
2025-12-07,2025-12-07,MARSHALLS #812 NSH TN I1BF,Shopping,PURCHASE,74.93,9574.49,CC368605
2025-12-08,2025-12-06,BISCUIT LOVE ATLANTA GA 9LR1,Food & Dining,PURCHASE,89.27,9663.76,CC984378
2025-12-08,2025-12-07,SUMMIT ONE CARD - PAYMENT THANK YOU,Transfer,PAYMENT,-1825.50,7838.26,CC437950
2025-12-09,2025-12-08,UBER *TRIP MEMPHIS TN LSRX,Auto & Transport,PURCHASE,37.85,7876.11,CC162434
2025-12-09,2025-12-07,NYTIMES DIGITAL,Bills & Utilities,PURCHASE,17.00,7893.11,CC519581
2025-12-09,2025-12-08,EXIT/IN TICKETS #2177,Entertainment,PURCHASE,16.81,7909.92,CC467023
2025-12-10,2025-12-08,MARSHALLS #812 #40294,Shopping,PURCHASE,17.29,7927.21,CC559356
2025-12-11,2025-12-09,PUBLIX 1394 ATLANTA GA A83U,Groceries,PURCHASE,85.05,8012.26,CC368270
2025-12-12,2025-12-12,APPLE.COM/BILL ICLOUD,Bills & Utilities,PURCHASE,2.99,8015.25,CC774195
2025-12-12,2025-12-11,CVS/PHARM 04412 MEMPHIS TN O6MM,Personal Care,PURCHASE,4.46,8019.71,CC908488
2025-12-13,2025-12-11,MARSHALLS #812 #93065,Shopping,PURCHASE,66.15,8085.86,CC559835
2025-12-13,2025-12-13,SHELL OIL 574 #96893,Auto & Transport,PURCHASE,37.30,8123.16,CC108800
2025-12-13,2025-12-12,CVS/PHARM 04412 NSH TN 78E1,Personal Care,PURCHASE,13.23,8136.39,CC196983
2025-12-13,2025-12-11,KROGER #715 #37629,Groceries,PURCHASE,34.81,8171.20,CC465619
2025-12-14,2025-12-13,MAPCO 5521 #77880,Auto & Transport,PURCHASE,32.33,8203.53,CC396703
2025-12-14,2025-12-13,DELTA AIR 0061 #53681,Travel,PURCHASE,8.40,8211.93,CC887897
2025-12-15,2025-12-13,BANDCAMP #97102,Entertainment,PURCHASE,8.83,8220.76,CC337129
2025-12-15,2025-12-13,WALGREENS 6621 #3470,Personal Care,PURCHASE,20.62,8241.38,CC328795
2025-12-15,2025-12-14,TRADER JOES #482 #7247,Groceries,PURCHASE,39.93,8281.31,CC378830
2025-12-15,2025-12-14,THE 5 SPOT MURFREESBORO TN 56Z8,Food & Dining,PURCHASE,31.28,8312.59,CC934282
2025-12-16,2025-12-15,ROLF & DAUGHTERS #16596,Food & Dining,PURCHASE,64.81,8377.40,CC190797
2025-12-18,2025-12-16,EXIT/IN TICKETS NSH TN VMP8,Entertainment,PURCHASE,12.98,8390.38,CC454851
2025-12-18,2025-12-18,RYMAN BOX OFFICE FRANKLIN TN 6A7X,Entertainment,PURCHASE,18.78,8409.16,CC812631
2025-12-19,2025-12-19,MARSHALLS #812 MEMPHIS TN LYZU,Shopping,PURCHASE,35.39,8444.55,CC662303
2025-12-19,2025-12-19,DELTA AIR 0061 #26114,Travel,PURCHASE,39.77,8484.32,CC372695
2025-12-19,2025-12-17,DELTA AIR 0061 NSH TN MR17,Travel,PURCHASE,21.52,8505.84,CC985697
2025-12-20,2025-12-18,SPOTIFY USA,Entertainment,PURCHASE,11.99,8517.83,CC861149
2025-12-20,2025-12-18,MARSHALLS #812 NSH TN 5ZT5,Shopping,PURCHASE,57.16,8574.99,CC781373
2025-12-21,2025-12-19,NASH HOUSE CAFE #21934,Food & Dining,PURCHASE,60.39,8635.38,CC780782
2025-12-21,2025-12-20,SEPHORA 1123 NASHVILLE TN 509P,Personal Care,PURCHASE,18.86,8654.24,CC485855
2025-12-22,2025-12-20,RYMAN BOX OFFICE MEMPHIS TN 2IK8,Entertainment,PURCHASE,16.23,8670.47,CC454620
2025-12-22,2025-12-20,AIRBNB * HMK22 #86911,Travel,PURCHASE,33.60,8704.07,CC424581
2025-12-23,2025-12-23,DOSE COFFEE #34300,Food & Dining,PURCHASE,28.71,8732.78,CC896711
2025-12-23,2025-12-23,MARRIOTT ATLANTA ATLANTA GA NZ86,Travel,PURCHASE,28.31,8761.09,CC974179
2025-12-24,2025-12-23,BANDCAMP MURFREESBORO TN HGRT,Entertainment,PURCHASE,16.01,8777.10,CC696491
2025-12-25,2025-12-24,RYMAN BOX OFFICE #89741,Entertainment,PURCHASE,27.89,8804.99,CC803690
2025-12-31,2025-12-31,INTEREST CHARGE - PURCHASES,Fees & Charges,INTEREST,195.01,9000.00,CC553638
