posting_date,transaction_date,description,merchant_category,type,amount,running_balance,reference_id,channel
2025-01-01,2025-01-01,EASTSIDE WORKLOFT LEASE,Home,DEBIT,-1500.00,7543.18,PMT121864,ACH
2025-01-01,2025-01-01,SAM ASH 77 FRANKLIN TN HCZD,Shopping,DEBIT,-35.98,7507.20,DBT384953,ACH
2025-01-01,2025-01-01,BAR SOVEREIGN #84564,Food & Dining,DEBIT,-30.80,7476.40,DBT248658,POS
2025-01-05,2025-01-05,BLUECROSS BLUESHIELD TN PREM,Insurance,DEBIT,-385.00,7091.40,PMT545982,ACH
2025-01-06,2025-01-05,MASTERCLASS FRANKLIN TN XWFQ,Education,DEBIT,-63.27,7028.13,DBT783866,POS
2025-01-07,2025-01-05,CLARION GEAR INSURANCE,Insurance,DEBIT,-54.22,6973.91,DBT937868,CARD
2025-01-08,2025-01-07,SAM ASH 77 #43178,Shopping,DEBIT,-29.55,6944.36,DBT198371,ACH
2025-01-09,2025-01-09,MERIDIAN SOUND ROYALTY ACH M01P9,Income,CREDIT,7800.00,14744.36,DEP248379,ACH
2025-01-09,2025-01-07,NASH HOUSE CAFE ATLANTA GA 0RL0,Food & Dining,DEBIT,-20.63,14723.73,DBT939659,POS
2025-01-10,2025-01-10,SODELICE #30905,Food & Dining,DEBIT,-30.43,14693.30,DBT474653,ACH
2025-01-11,2025-01-11,FANNYS HOUSE OF MUSIC #64284,Services,DEBIT,-73.26,14620.04,DBT221781,POS
2025-01-11,2025-01-09,GUITAR CENTER 219 MEMPHIS TN Y108,Shopping,DEBIT,-25.23,14594.81,DBT492707,CARD
2025-01-11,2025-01-11,FROTHY MONKEY MEMPHIS TN 2YI6,Food & Dining,DEBIT,-30.46,14564.35,DBT748207,ACH
2025-01-12,2025-01-11,BELLWETHER STUDIOS PMT INV2325,Income,CREDIT,1302.65,15867.00,DEP119918,ACH
2025-01-12,2025-01-10,SUMMIT ONE CARD PYMT,Transfer,DEBIT,-1204.16,14662.84,PMT407811,ACH
2025-01-12,2025-01-12,META ADS *BILL NSH TN MYP1,Services,DEBIT,-176.33,14486.51,DBT674493,ACH
2025-01-12,2025-01-11,CLARION GEAR INSURANCE,Insurance,DEBIT,-44.71,14441.80,DBT850237,CARD
2025-01-12,2025-01-11,ATM WITHDRAWAL #5659,Personal,DEBIT,-117.60,14324.20,DBT905626,POS
2025-01-13,2025-01-12,UPS STORE 6210 #69711,Shopping,DEBIT,-51.94,14272.26,DBT781143,CARD
2025-01-14,2025-01-14,SWEETWATER FINANCING PMT,Loans,DEBIT,-111.11,14161.15,PMT885459,ACH
2025-01-14,2025-01-14,IZOTOPE INC #28355,Bills & Utilities,DEBIT,-49.97,14111.18,DBT475572,ACH
2025-01-14,2025-01-13,IZOTOPE INC #97118,Bills & Utilities,DEBIT,-71.76,14039.42,DBT504276,POS
2025-01-15,2025-01-15,NES NASHVILLE ELECTRIC,Bills & Utilities,DEBIT,-76.35,13963.07,DBT936130,CARD
2025-01-15,2025-01-13,ATM WITHDRAWAL #4250,Personal,DEBIT,-152.01,13811.06,DBT508089,ATM
2025-01-18,2025-01-16,MASTERCLASS #96629,Education,DEBIT,-113.73,13697.33,DBT616362,CARD
2025-01-18,2025-01-16,PETSMART 6610 #89787,Personal,DEBIT,-84.05,13613.28,DBT213150,ATM
2025-01-18,2025-01-18,VENMO *CASHOUT GE1J7,Personal,DEBIT,-208.68,13404.60,DBT347996,POS
2025-01-20,2025-01-18,LARKSPUR INVESTMENTS ROTH XFER,Transfer,DEBIT,-477.63,12926.97,XFR104426,TRANSFER
2025-01-21,2025-01-19,VERIZON WIRELESS,Bills & Utilities,DEBIT,-87.39,12839.58,DBT775649,ACH
2025-01-22,2025-01-20,PIEDMONT GAS,Bills & Utilities,DEBIT,-85.66,12753.92,DBT525992,CARD
2025-01-23,2025-01-23,SPLICE SOUNDS #69599,Bills & Utilities,DEBIT,-40.96,12712.96,DBT302152,CARD
2025-01-24,2025-01-22,STRINGJOY LLC NSH TN KI7V,Shopping,DEBIT,-37.59,12675.37,DBT782720,ACH
2025-01-26,2025-01-24,BELLWETHER STUDIOS PMT INV2213,Income,CREDIT,1082.01,13757.38,DEP142806,ACH
2025-01-26,2025-01-25,AVID PRO TOOLS NSH TN M5G9,Bills & Utilities,DEBIT,-63.44,13693.94,DBT302651,ACH
2025-01-26,2025-01-25,IZOTOPE INC ATLANTA GA C0V3,Bills & Utilities,DEBIT,-76.24,13617.70,DBT406721,ACH
2025-01-26,2025-01-26,WIRE FEE INTL #24456,Fees & Charges,DEBIT,-21.33,13596.37,DBT465006,POS
2025-01-31,2025-01-31,INTEREST PAID,Income,CREDIT,12.63,13609.00,INT129081,INTEREST
2025-02-01,2025-02-01,EASTSIDE WORKLOFT LEASE,Home,DEBIT,-1500.00,12109.00,PMT470811,ACH
2025-02-01,2025-02-01,LYFT *RIDE #94389,Auto & Transport,DEBIT,-77.25,12031.75,DBT506446,POS
2025-02-01,2025-02-01,USPS PO 4471 #8581,Shopping,DEBIT,-35.34,11996.41,DBT861534,POS
2025-02-01,2025-02-01,TN FARM BUREAU AUTO NASHVILLE TN 7BBG,Personal,DEBIT,-227.57,11768.84,DBT664666,POS
2025-02-02,2025-02-01,PRINCES HOT CHICKEN #9729,Food & Dining,DEBIT,-14.72,11754.12,DBT543902,POS
2025-02-04,2025-02-04,NASH HOUSE CAFE FRANKLIN TN QGG3,Food & Dining,DEBIT,-13.24,11740.88,DBT510486,ACH
2025-02-05,2025-02-03,BLUECROSS BLUESHIELD TN PREM,Insurance,DEBIT,-385.00,11355.88,PMT484727,ACH
2025-02-07,2025-02-07,COMCAST BUSINESS,Bills & Utilities,DEBIT,-110.87,11245.01,DBT738131,ACH
2025-02-07,2025-02-06,DOSE COFFEE #45750,Food & Dining,DEBIT,-25.82,11219.19,DBT203808,ACH
2025-02-08,2025-02-07,STAPLES 01182 #6859,Shopping,DEBIT,-42.07,11177.12,DBT625187,POS
2025-02-08,2025-02-06,UPS STORE 6210 #29963,Shopping,DEBIT,-48.70,11128.42,DBT436188,CARD
2025-02-08,2025-02-08,SWEETWATER SUPPLIES #8857,Shopping,DEBIT,-23.79,11104.63,DBT564998,ACH
2025-02-08,2025-02-06,NES NASHVILLE ELECTRIC,Bills & Utilities,DEBIT,-102.92,11001.71,DBT486977,POS
2025-02-08,2025-02-08,NES NASHVILLE ELECTRIC,Bills & Utilities,DEBIT,-93.44,10908.27,DBT714490,CARD
2025-02-09,2025-02-09,STAPLES 01182 NASHVILLE TN FSU8,Shopping,DEBIT,-36.83,10871.44,DBT773133,POS
2025-02-09,2025-02-07,SWEETWATER SUPPLIES MEMPHIS TN A9QY,Shopping,DEBIT,-39.87,10831.57,DBT775085,ACH
2025-02-09,2025-02-09,WIRE FEE INTL FRANKLIN TN X3G2,Fees & Charges,DEBIT,-15.57,10816.00,DBT384951,CARD
2025-02-10,2025-02-10,MERIDIAN SOUND ROYALTY ACH M01F7,Income,CREDIT,2100.00,12916.00,DEP785412,ACH
2025-02-10,2025-02-10,UPS STORE 6210 #45310,Shopping,DEBIT,-46.08,12869.92,DBT676320,ACH
2025-02-11,2025-02-10,WIRE FEE INTL #88471,Fees & Charges,DEBIT,-20.32,12849.60,DBT282101,ACH
2025-02-12,2025-02-12,BELLWETHER STUDIOS PMT INV2184,Income,CREDIT,959.72,13809.32,DEP819198,ACH
2025-02-13,2025-02-12,ADOBE *CREATIVE #81198,Bills & Utilities,DEBIT,-41.88,13767.44,DBT516577,POS
2025-02-13,2025-02-13,WIRE FEE INTL ATLANTA GA XOBT,Fees & Charges,DEBIT,-9.65,13757.79,DBT939673,CARD
2025-02-14,2025-02-13,SWEETWATER FINANCING PMT,Loans,DEBIT,-111.11,13646.68,PMT627171,ACH
2025-02-16,2025-02-16,DOSE COFFEE #32999,Food & Dining,DEBIT,-20.11,13626.57,DBT408725,CARD
2025-02-17,2025-02-17,SUMMIT ONE CARD PYMT,Transfer,DEBIT,-1715.90,11910.67,PMT632781,ACH
2025-02-17,2025-02-17,DOSE COFFEE #9501,Food & Dining,DEBIT,-19.32,11891.35,DBT646622,POS
2025-02-18,2025-02-16,AMP MEDIC NSH MEMPHIS TN 1O2C,Services,DEBIT,-64.97,11826.38,DBT136851,ACH
2025-02-20,2025-02-19,LARKSPUR INVESTMENTS ROTH XFER,Transfer,DEBIT,-456.87,11369.51,XFR787749,TRANSFER
2025-02-23,2025-02-21,PRINCES HOT CHICKEN #9692,Food & Dining,DEBIT,-14.96,11354.55,DBT771856,ACH
2025-02-25,2025-02-25,META ADS *BILL NASHVILLE TN M1VB,Services,DEBIT,-259.29,11095.26,DBT167255,ACH
2025-02-25,2025-02-25,SWEETWATER SUPPLIES #56157,Shopping,DEBIT,-42.95,11052.31,DBT436817,ACH
2025-02-26,2025-02-26,BELLWETHER STUDIOS PMT INV2249,Income,CREDIT,1302.96,12355.27,DEP619322,ACH
2025-02-27,2025-02-26,SIXT VAN RENTAL #2520,Auto & Transport,DEBIT,-60.31,12294.96,DBT118891,POS
2025-02-28,2025-02-26,INTEREST PAID,Income,CREDIT,9.49,12304.45,INT538758,INTEREST
2025-03-01,2025-03-01,EASTSIDE WORKLOFT LEASE,Home,DEBIT,-1500.00,10804.45,PMT126609,ACH
2025-03-02,2025-03-01,PRINCES HOT CHICKEN #76649,Food & Dining,DEBIT,-21.61,10782.84,DBT416983,ACH
2025-03-03,2025-03-03,MERIDIAN SOUND ROYALTY ACH Q1E3,Income,CREDIT,9600.00,20382.84,DEP267681,ACH
2025-03-03,2025-03-01,DOSE COFFEE #38584,Food & Dining,DEBIT,-19.47,20363.37,DBT938096,POS
2025-03-04,2025-03-03,BANDSINTOWN PROMO #5376,Services,DEBIT,-156.06,20207.31,DBT250837,CARD
2025-03-04,2025-03-03,PIEDMONT GAS,Bills & Utilities,DEBIT,-129.65,20077.66,DBT982243,ACH
2025-03-05,2025-03-04,BLUECROSS BLUESHIELD TN PREM,Insurance,DEBIT,-385.00,19692.66,PMT338012,ACH
2025-03-05,2025-03-03,SODELICE MURFREESBORO TN 5PFH,Food & Dining,DEBIT,-22.28,19670.38,DBT188794,CARD
2025-03-06,2025-03-06,IZOTOPE INC FRANKLIN TN 7CSM,Bills & Utilities,DEBIT,-65.86,19604.52,DBT583344,ACH
2025-03-06,2025-03-04,NASH HOUSE CAFE #8209,Food & Dining,DEBIT,-13.85,19590.67,DBT752109,CARD
2025-03-07,2025-03-06,SHELL OIL 574 #37036,Auto & Transport,DEBIT,-113.18,19477.49,DBT481185,ACH
2025-03-09,2025-03-07,STAPLES 01182 FRANKLIN TN QE9F,Shopping,DEBIT,-36.40,19441.09,DBT544992,POS
2025-03-09,2025-03-08,IZOTOPE INC MURFREESBORO TN ICC8,Bills & Utilities,DEBIT,-47.88,19393.21,DBT977683,CARD
2025-03-11,2025-03-09,SUBMITHUB #76603,Services,DEBIT,-162.20,19231.01,DBT637076,POS
2025-03-12,2025-03-11,BELLWETHER STUDIOS PMT INV2261,Income,CREDIT,1267.00,20498.01,DEP250360,ACH
2025-03-14,2025-03-14,SWEETWATER FINANCING PMT,Loans,DEBIT,-111.11,20386.90,PMT862057,ACH
2025-03-14,2025-03-12,USPS PO 4471 ATLANTA GA 6ZOO,Shopping,DEBIT,-39.84,20347.06,DBT802183,CARD
2025-03-15,2025-03-15,SUBMITHUB MURFREESBORO TN Y1BR,Services,DEBIT,-212.50,20134.56,DBT935200,CARD
2025-03-15,2025-03-13,IZOTOPE INC FRANKLIN TN 8KDL,Bills & Utilities,DEBIT,-58.43,20076.13,DBT612699,CARD
2025-03-15,2025-03-15,PIEDMONT GAS,Bills & Utilities,DEBIT,-78.81,19997.32,DBT655896,ACH
2025-03-15,2025-03-14,CARD NETWORK FEE #21984,Fees & Charges,DEBIT,-21.22,19976.10,DBT170478,ACH
2025-03-16,2025-03-16,FROTHY MONKEY NSH TN 3OVH,Food & Dining,DEBIT,-18.97,19957.13,DBT863247,ACH
2025-03-16,2025-03-14,PRINCES HOT CHICKEN #73142,Food & Dining,DEBIT,-19.49,19937.64,DBT659698,ACH
2025-03-17,2025-03-15,SUMMIT ONE CARD PYMT,Transfer,DEBIT,-1322.89,18614.75,PMT940146,ACH
2025-03-17,2025-03-16,PRINCES HOT CHICKEN #29720,Food & Dining,DEBIT,-13.21,18601.54,DBT968079,POS
2025-03-18,2025-03-18,DELTA AIR 0061 MEMPHIS TN SXTC,Auto & Transport,DEBIT,-101.63,18499.91,DBT368356,ACH
2025-03-19,2025-03-17,SWEETWATER SUPPLIES #5767,Shopping,DEBIT,-22.98,18476.93,DBT689420,ACH
2025-03-20,2025-03-19,LARKSPUR INVESTMENTS ROTH XFER,Transfer,DEBIT,-483.32,17993.61,XFR204990,TRANSFER
2025-03-20,2025-03-19,STAPLES 01182 #3381,Shopping,DEBIT,-42.92,17950.69,DBT552139,CARD
2025-03-21,2025-03-19,PARKWHIZ MURFREESBORO TN RIF1,Auto & Transport,DEBIT,-80.76,17869.93,DBT469783,POS
2025-03-21,2025-03-21,STRINGJOY LLC NSH TN HCZ4,Shopping,DEBIT,-21.29,17848.64,DBT873883,POS
2025-03-22,2025-03-22,SIXT VAN RENTAL ATLANTA GA 75JO,Auto & Transport,DEBIT,-62.91,17785.73,DBT306507,CARD
2025-03-22,2025-03-21,MONTHLY MAINT FEE MURFREESBORO TN ND51,Fees & Charges,DEBIT,-12.77,17772.96,DBT424368,ACH
2025-03-23,2025-03-23,CARD NETWORK FEE MEMPHIS TN KCIH,Fees & Charges,DEBIT,-23.47,17749.49,DBT874464,ACH
2025-03-24,2025-03-22,COMCAST BUSINESS,Bills & Utilities,DEBIT,-64.34,17685.15,DBT233981,ACH
2025-03-24,2025-03-22,WIRE FEE INTL FRANKLIN TN PKE6,Fees & Charges,DEBIT,-14.56,17670.59,DBT170614,CARD
2025-03-25,2025-03-24,SODELICE #46694,Food & Dining,DEBIT,-27.27,17643.32,DBT286723,ACH
2025-03-26,2025-03-24,BELLWETHER STUDIOS PMT INV2196,Income,CREDIT,1129.59,18772.91,DEP777051,ACH
2025-03-26,2025-03-26,ATM WITHDRAWAL #8315,Personal,DEBIT,-106.37,18666.54,DBT230386,ATM
2025-03-31,2025-03-29,INTEREST PAID,Income,CREDIT,11.85,18678.39,INT968931,INTEREST
2025-04-01,2025-04-01,EASTSIDE WORKLOFT LEASE,Home,DEBIT,-1500.00,17178.39,PMT212822,ACH
2025-04-01,2025-04-01,AVID PRO TOOLS #14745,Bills & Utilities,DEBIT,-34.95,17143.44,DBT741365,CARD
2025-04-02,2025-04-01,DELTA AIR 0061 #11610,Auto & Transport,DEBIT,-68.99,17074.45,DBT883979,POS
2025-04-02,2025-04-02,NASH HOUSE CAFE #3201,Food & Dining,DEBIT,-14.90,17059.55,DBT236907,CARD
2025-04-04,2025-04-02,ATM WITHDRAWAL #2458,Personal,DEBIT,-87.09,16972.46,DBT314717,POS
2025-04-05,2025-04-03,BLUECROSS BLUESHIELD TN PREM,Insurance,DEBIT,-385.00,16587.46,PMT905373,ACH
2025-04-05,2025-04-03,PARKWHIZ #98552,Auto & Transport,DEBIT,-108.23,16479.23,DBT748287,POS
2025-04-06,2025-04-04,SHELL OIL 574 #37325,Auto & Transport,DEBIT,-57.82,16421.41,DBT995011,CARD
2025-04-07,2025-04-07,SIXT VAN RENTAL ATLANTA GA ZY46,Auto & Transport,DEBIT,-121.60,16299.81,DBT180259,CARD
2025-04-07,2025-04-07,SWEETWATER SUPPLIES NSH TN UBEM,Shopping,DEBIT,-41.00,16258.81,DBT328583,POS
2025-04-07,2025-04-07,BAR SOVEREIGN MEMPHIS TN PROS,Food & Dining,DEBIT,-25.89,16232.92,DBT921165,CARD
2025-04-09,2025-04-07,SPLICE SOUNDS #46916,Bills & Utilities,DEBIT,-53.45,16179.47,DBT316071,CARD
2025-04-10,2025-04-09,SODELICE #75720,Food & Dining,DEBIT,-29.92,16149.55,DBT387806,CARD
2025-04-11,2025-04-10,MERIDIAN SOUND ROYALTY ACH Q2J3,Income,CREDIT,1850.00,17999.55,DEP475061,ACH
2025-04-11,2025-04-10,DOSE COFFEE #69442,Food & Dining,DEBIT,-30.51,17969.04,DBT481846,CARD
2025-04-12,2025-04-12,BELLWETHER STUDIOS PMT INV2325,Income,CREDIT,850.32,18819.36,DEP473219,ACH
2025-04-12,2025-04-11,SODELICE #49525,Food & Dining,DEBIT,-23.45,18795.91,DBT112734,ACH
2025-04-14,2025-04-13,SWEETWATER FINANCING PMT,Loans,DEBIT,-111.11,18684.80,PMT213265,ACH
2025-04-14,2025-04-14,BANDSINTOWN PROMO #66694,Services,DEBIT,-239.91,18444.89,DBT478062,POS
2025-04-14,2025-04-14,UPS STORE 6210 NASHVILLE TN G73S,Shopping,DEBIT,-25.57,18419.32,DBT362981,CARD
2025-04-15,2025-04-15,IRS USATAXPYMT,Other,DEBIT,-1000.00,17419.32,TAX767609,ACH
2025-04-15,2025-04-13,COMCAST BUSINESS,Bills & Utilities,DEBIT,-52.31,17367.01,DBT300218,ACH
2025-04-16,2025-04-14,CORNER MUSIC REPAIR NSH TN DTWN,Services,DEBIT,-52.22,17314.79,DBT280977,CARD
2025-04-17,2025-04-15,SUMMIT ONE CARD PYMT,Transfer,DEBIT,-1523.69,15791.10,PMT660093,ACH
2025-04-17,2025-04-17,STAPLES 01182 NSH TN 8WKT,Shopping,DEBIT,-21.94,15769.16,DBT863010,POS
2025-04-18,2025-04-17,MONTHLY MAINT FEE #57661,Fees & Charges,DEBIT,-10.67,15758.49,DBT202806,POS
2025-04-19,2025-04-17,SWEETWATER SUPPLIES #84955,Shopping,DEBIT,-27.63,15730.86,DBT411075,POS
2025-04-20,2025-04-18,LARKSPUR INVESTMENTS ROTH XFER,Transfer,DEBIT,-449.11,15281.75,XFR893960,TRANSFER
2025-04-23,2025-04-22,NASH HOUSE CAFE NASHVILLE TN OH80,Food & Dining,DEBIT,-20.06,15261.69,DBT287094,ACH
2025-04-25,2025-04-23,SAM ASH 77 NASHVILLE TN QDZ0,Shopping,DEBIT,-21.94,15239.75,DBT868487,POS
2025-04-25,2025-04-24,DOSE COFFEE #76950,Food & Dining,DEBIT,-29.96,15209.79,DBT177420,POS
2025-04-26,2025-04-25,BELLWETHER STUDIOS PMT INV2135,Income,CREDIT,1204.86,16414.65,DEP586112,ACH
2025-04-26,2025-04-25,DOSE COFFEE MURFREESBORO TN NSVO,Food & Dining,DEBIT,-15.04,16399.61,DBT826547,POS
2025-04-27,2025-04-26,PLAYLIST PUSH ATLANTA GA WUXC,Services,DEBIT,-167.05,16232.56,DBT470223,CARD
2025-04-30,2025-04-29,INTEREST PAID,Income,CREDIT,10.81,16243.37,INT324033,INTEREST
2025-05-01,2025-05-01,EASTSIDE WORKLOFT LEASE,Home,DEBIT,-1500.00,14743.37,PMT452012,ACH
2025-05-02,2025-05-02,SAM ASH 77 FRANKLIN TN 6AUL,Shopping,DEBIT,-28.21,14715.16,DBT971671,CARD
2025-05-03,2025-05-02,GUITAR CENTER 219 FRANKLIN TN ELDD,Shopping,DEBIT,-35.15,14680.01,DBT634926,POS
2025-05-04,2025-05-03,GUITAR CENTER 219 MURFREESBORO TN ASUB,Shopping,DEBIT,-39.54,14640.47,DBT633950,POS
2025-05-05,2025-05-05,BLUECROSS BLUESHIELD TN PREM,Insurance,DEBIT,-385.00,14255.47,PMT528134,ACH
2025-05-05,2025-05-05,PRINCES HOT CHICKEN #30090,Food & Dining,DEBIT,-20.88,14234.59,DBT141974,ACH
2025-05-05,2025-05-05,BAR SOVEREIGN #63956,Food & Dining,DEBIT,-24.07,14210.52,DBT565777,ACH
2025-05-10,2025-05-09,MERIDIAN SOUND ROYALTY ACH Q2LM,Income,CREDIT,6400.00,20610.52,DEP574057,ACH
2025-05-10,2025-05-08,IZOTOPE INC NASHVILLE TN OGFJ,Bills & Utilities,DEBIT,-86.62,20523.90,DBT812538,ACH
2025-05-11,2025-05-10,DELTA AIR 0061 #84908,Auto & Transport,DEBIT,-51.68,20472.22,DBT984241,CARD
2025-05-11,2025-05-09,LYFT *RIDE MEMPHIS TN 0BJX,Auto & Transport,DEBIT,-64.47,20407.75,DBT416747,POS
2025-05-11,2025-05-11,BP#9123 ATLANTA GA RHOX,Auto & Transport,DEBIT,-116.35,20291.40,DBT683811,POS
2025-05-11,2025-05-11,NASH HOUSE CAFE MURFREESBORO TN 6I4S,Food & Dining,DEBIT,-28.28,20263.12,DBT116391,CARD
2025-05-12,2025-05-10,BELLWETHER STUDIOS PMT INV2291,Income,CREDIT,1328.82,21591.94,DEP104926,ACH
2025-05-13,2025-05-13,PETSMART 6610 #33781,Personal,DEBIT,-233.10,21358.84,DBT823639,POS
2025-05-14,2025-05-14,SWEETWATER FINANCING PMT,Loans,DEBIT,-111.11,21247.73,PMT833069,ACH
2025-05-14,2025-05-14,BAR SOVEREIGN FRANKLIN TN KCHS,Food & Dining,DEBIT,-17.95,21229.78,DBT183629,CARD
2025-05-14,2025-05-13,BAR SOVEREIGN #71142,Food & Dining,DEBIT,-23.47,21206.31,DBT491285,ACH
2025-05-14,2025-05-14,PRINCES HOT CHICKEN NSH TN N4V9,Food & Dining,DEBIT,-16.57,21189.74,DBT980390,POS
2025-05-16,2025-05-16,STRINGJOY LLC NASHVILLE TN YTUL,Shopping,DEBIT,-43.39,21146.35,DBT650715,CARD
2025-05-16,2025-05-16,SWEETWATER SUPPLIES #7521,Shopping,DEBIT,-18.29,21128.06,DBT896693,POS
2025-05-16,2025-05-16,SODELICE MEMPHIS TN NQ6T,Food & Dining,DEBIT,-21.98,21106.08,DBT500712,CARD
2025-05-17,2025-05-16,SUMMIT ONE CARD PYMT,Transfer,DEBIT,-1507.46,19598.62,PMT320648,ACH
2025-05-17,2025-05-16,CLARION GEAR INSURANCE,Insurance,DEBIT,-65.63,19532.99,DBT657176,ACH
2025-05-17,2025-05-17,DOSE COFFEE #78167,Food & Dining,DEBIT,-23.41,19509.58,DBT708644,CARD
2025-05-18,2025-05-18,NASH HOUSE CAFE FRANKLIN TN Q1WD,Food & Dining,DEBIT,-22.85,19486.73,DBT944727,ACH
2025-05-20,2025-05-18,LARKSPUR INVESTMENTS ROTH XFER,Transfer,DEBIT,-456.41,19030.32,XFR832876,TRANSFER
2025-05-21,2025-05-20,FANNYS HOUSE OF MUSIC #24785,Services,DEBIT,-41.44,18988.88,DBT604848,ACH
2025-05-22,2025-05-22,CLARION GEAR INSURANCE,Insurance,DEBIT,-58.20,18930.68,DBT660072,CARD
2025-05-25,2025-05-25,SPLICE SOUNDS #66533,Bills & Utilities,DEBIT,-44.30,18886.38,DBT994129,CARD
2025-05-26,2025-05-26,BELLWETHER STUDIOS PMT INV2393,Income,CREDIT,788.10,19674.48,DEP767531,ACH
2025-05-26,2025-05-25,PIEDMONT GAS,Bills & Utilities,DEBIT,-109.55,19564.93,DBT322229,ACH
2025-05-27,2025-05-26,SUBMITHUB #38812,Services,DEBIT,-233.68,19331.25,DBT156145,POS
2025-05-27,2025-05-27,MASTERCLASS #2396,Education,DEBIT,-102.42,19228.83,DBT196022,CARD
2025-05-31,2025-05-29,INTEREST PAID,Income,CREDIT,8.90,19237.73,INT806900,INTEREST
2025-06-01,2025-06-01,EASTSIDE WORKLOFT LEASE,Home,DEBIT,-1500.00,17737.73,PMT126608,ACH
2025-06-01,2025-06-01,MASTERCLASS #85851,Education,DEBIT,-94.32,17643.41,DBT680971,ACH
2025-06-03,2025-06-02,PRINCES HOT CHICKEN MURFREESBORO TN 6GC3,Food & Dining,DEBIT,-26.50,17616.91,DBT323699,CARD
2025-06-04,2025-06-03,MERIDIAN SOUND ROYALTY ACH Q3IF,Income,CREDIT,980.00,18596.91,DEP609594,ACH
2025-06-04,2025-06-03,CLARION GEAR INSURANCE,Insurance,DEBIT,-74.65,18522.26,DBT183085,POS
2025-06-04,2025-06-04,DOSE COFFEE #3545,Food & Dining,DEBIT,-17.73,18504.53,DBT610553,CARD
2025-06-05,2025-06-03,BLUECROSS BLUESHIELD TN PREM,Insurance,DEBIT,-385.00,18119.53,PMT765038,ACH
2025-06-05,2025-06-04,STRINGJOY LLC FRANKLIN TN PHMK,Shopping,DEBIT,-28.58,18090.95,DBT964876,CARD
2025-06-06,2025-06-04,PRINCES HOT CHICKEN #57249,Food & Dining,DEBIT,-18.07,18072.88,DBT571565,POS
2025-06-08,2025-06-08,VERIZON WIRELESS,Bills & Utilities,DEBIT,-88.70,17984.18,DBT219279,CARD
2025-06-08,2025-06-06,SODELICE MEMPHIS TN GHC3,Food & Dining,DEBIT,-14.64,17969.54,DBT768463,ACH
2025-06-08,2025-06-08,VENMO *CASHOUT TA8OZ,Personal,DEBIT,-177.59,17791.95,DBT660823,TRANSFER
2025-06-09,2025-06-07,SIXT VAN RENTAL #22887,Auto & Transport,DEBIT,-63.27,17728.68,DBT601284,CARD
2025-06-09,2025-06-09,CLARION GEAR INSURANCE,Insurance,DEBIT,-55.30,17673.38,DBT697043,POS
2025-06-09,2025-06-09,MONTHLY MAINT FEE #76973,Fees & Charges,DEBIT,-19.44,17653.94,DBT562015,POS
2025-06-10,2025-06-08,AVID PRO TOOLS #61791,Bills & Utilities,DEBIT,-44.95,17608.99,DBT818626,POS
2025-06-10,2025-06-09,WIRE FEE INTL FRANKLIN TN PV3C,Fees & Charges,DEBIT,-15.99,17593.00,DBT994599,CARD
2025-06-11,2025-06-09,SUMMIT ONE CARD PYMT,Transfer,DEBIT,-1500.13,16092.87,PMT659697,ACH
2025-06-12,2025-06-11,BELLWETHER STUDIOS PMT INV2368,Income,CREDIT,808.62,16901.49,DEP888918,ACH
2025-06-12,2025-06-12,SWEETWATER SUPPLIES NASHVILLE TN 38HH,Shopping,DEBIT,-39.58,16861.91,DBT420910,ACH
2025-06-13,2025-06-12,VERIZON WIRELESS,Bills & Utilities,DEBIT,-77.54,16784.37,DBT208528,POS
2025-06-14,2025-06-13,SWEETWATER FINANCING PMT,Loans,DEBIT,-111.11,16673.26,PMT173154,ACH
2025-06-15,2025-06-15,IRS USATAXPYMT,Other,DEBIT,-1000.00,15673.26,TAX898973,ACH
2025-06-16,2025-06-15,WIRE FEE INTL #33160,Fees & Charges,DEBIT,-23.23,15650.03,DBT983370,POS
2025-06-17,2025-06-17,VERIZON WIRELESS,Bills & Utilities,DEBIT,-86.70,15563.33,DBT846866,CARD
2025-06-18,2025-06-18,BRIDGES CPA GROUP #59164,Services,DEBIT,-311.24,15252.09,DBT141861,ACH
2025-06-18,2025-06-18,FROTHY MONKEY #55549,Food & Dining,DEBIT,-32.23,15219.86,DBT636593,CARD
2025-06-19,2025-06-19,DELTA AIR 0061 ATLANTA GA 2SIL,Auto & Transport,DEBIT,-78.89,15140.97,DBT165533,POS
2025-06-20,2025-06-20,LARKSPUR INVESTMENTS ROTH XFER,Transfer,DEBIT,-440.04,14700.93,XFR388495,TRANSFER
2025-06-20,2025-06-18,SWEETWATER SUPPLIES MEMPHIS TN 215T,Shopping,DEBIT,-30.16,14670.77,DBT335310,ACH
2025-06-20,2025-06-20,WIRE FEE INTL #28576,Fees & Charges,DEBIT,-21.31,14649.46,DBT210472,POS
2025-06-22,2025-06-20,AVID PRO TOOLS NASHVILLE TN HGLE,Bills & Utilities,DEBIT,-54.57,14594.89,DBT739108,ACH
2025-06-23,2025-06-21,MONTHLY MAINT FEE #31601,Fees & Charges,DEBIT,-18.63,14576.26,DBT607637,CARD
2025-06-24,2025-06-22,CARD NETWORK FEE NASHVILLE TN RQK5,Fees & Charges,DEBIT,-17.80,14558.46,DBT149487,CARD
2025-06-26,2025-06-25,BELLWETHER STUDIOS PMT INV2133,Income,CREDIT,421.22,14979.68,DEP857739,ACH
2025-06-26,2025-06-26,CLARION GEAR INSURANCE,Insurance,DEBIT,-67.02,14912.66,DBT920241,ACH
2025-06-30,2025-06-29,INTEREST PAID,Income,CREDIT,13.19,14925.85,INT924829,INTEREST
2025-07-01,2025-07-01,EASTSIDE WORKLOFT LEASE,Home,DEBIT,-1500.00,13425.85,PMT714721,ACH
2025-07-01,2025-07-01,SIXT VAN RENTAL #2796,Auto & Transport,DEBIT,-93.52,13332.33,DBT232744,ACH
2025-07-01,2025-07-01,NES NASHVILLE ELECTRIC,Bills & Utilities,DEBIT,-89.59,13242.74,DBT707481,ACH
2025-07-01,2025-07-01,NES NASHVILLE ELECTRIC,Bills & Utilities,DEBIT,-53.38,13189.36,DBT766944,CARD
2025-07-01,2025-07-01,BAR SOVEREIGN #82528,Food & Dining,DEBIT,-26.68,13162.68,DBT390657,CARD
2025-07-05,2025-07-03,BLUECROSS BLUESHIELD TN PREM,Insurance,DEBIT,-385.00,12777.68,PMT340483,ACH
2025-07-06,2025-07-06,SIXT VAN RENTAL MEMPHIS TN FEO0,Auto & Transport,DEBIT,-103.27,12674.41,DBT430730,ACH
2025-07-07,2025-07-06,MERIDIAN SOUND ROYALTY ACH M014U,Income,CREDIT,5200.00,17874.41,DEP931332,ACH
2025-07-12,2025-07-12,BELLWETHER STUDIOS PMT INV2104,Income,CREDIT,796.05,18670.46,DEP496376,ACH
2025-07-12,2025-07-11,CLARION GEAR INSURANCE,Insurance,DEBIT,-68.00,18602.46,DBT296744,CARD
2025-07-13,2025-07-12,SUMMIT ONE CARD PYMT,Transfer,DEBIT,-1558.32,17044.14,PMT267923,ACH
2025-07-13,2025-07-11,SODELICE #51096,Food & Dining,DEBIT,-24.33,17019.81,DBT996323,ACH
2025-07-14,2025-07-13,SWEETWATER FINANCING PMT,Loans,DEBIT,-111.11,16908.70,PMT882400,ACH
2025-07-16,2025-07-16,IZOTOPE INC #30712,Bills & Utilities,DEBIT,-65.97,16842.73,DBT614474,CARD
2025-07-17,2025-07-17,ADOBE *CREATIVE #68331,Bills & Utilities,DEBIT,-45.39,16797.34,DBT634313,POS
2025-07-17,2025-07-15,BAR SOVEREIGN #90955,Food & Dining,DEBIT,-13.08,16784.26,DBT130298,ACH
2025-07-20,2025-07-19,LARKSPUR INVESTMENTS ROTH XFER,Transfer,DEBIT,-454.47,16329.79,XFR562263,TRANSFER
2025-07-24,2025-07-24,ATM WITHDRAWAL #7592,Personal,DEBIT,-222.24,16107.55,DBT584403,POS
2025-07-26,2025-07-24,BELLWETHER STUDIOS PMT INV2215,Income,CREDIT,798.84,16906.39,DEP904665,ACH
2025-07-27,2025-07-26,FROTHY MONKEY MURFREESBORO TN RNPC,Food & Dining,DEBIT,-30.24,16876.15,DBT180513,ACH
2025-07-31,2025-07-30,INTEREST PAID,Income,CREDIT,14.48,16890.63,INT713820,INTEREST
2025-08-01,2025-08-01,EASTSIDE WORKLOFT LEASE,Home,DEBIT,-1500.00,15390.63,PMT583921,ACH
2025-08-01,2025-08-01,MASTERCLASS #7087,Education,DEBIT,-78.57,15312.06,DBT176103,ACH
2025-08-04,2025-08-03,SAM ASH 77 MEMPHIS TN 997W,Shopping,DEBIT,-21.34,15290.72,DBT661046,CARD
2025-08-04,2025-08-02,STRINGJOY LLC #96031,Shopping,DEBIT,-19.03,15271.69,DBT960687,POS
2025-08-04,2025-08-04,IZOTOPE INC NSH TN GZA9,Bills & Utilities,DEBIT,-63.99,15207.70,DBT176080,POS
2025-08-05,2025-08-03,BLUECROSS BLUESHIELD TN PREM,Insurance,DEBIT,-385.00,14822.70,PMT923691,ACH
2025-08-05,2025-08-03,SODELICE #87604,Food & Dining,DEBIT,-31.18,14791.52,DBT193260,ACH
2025-08-07,2025-08-07,MERIDIAN SOUND ROYALTY ACH Q3M3,Income,CREDIT,3100.00,17891.52,DEP100325,ACH
2025-08-07,2025-08-05,CARD NETWORK FEE FRANKLIN TN V6VK,Fees & Charges,DEBIT,-10.24,17881.28,DBT474946,CARD
2025-08-08,2025-08-07,SAM ASH 77 FRANKLIN TN ZJKX,Shopping,DEBIT,-23.98,17857.30,DBT172473,ACH
2025-08-10,2025-08-10,COSTCO WHSE #1182 #72936,Personal,DEBIT,-152.05,17705.25,DBT303497,TRANSFER
2025-08-11,2025-08-10,CLARION GEAR INSURANCE,Insurance,DEBIT,-46.43,17658.82,DBT410297,ACH
2025-08-11,2025-08-09,ATM WITHDRAWAL #7519,Personal,DEBIT,-182.24,17476.58,DBT718208,TRANSFER
2025-08-12,2025-08-10,BELLWETHER STUDIOS PMT INV2198,Income,CREDIT,1287.13,18763.71,DEP578096,ACH
2025-08-14,2025-08-13,SWEETWATER FINANCING PMT,Loans,DEBIT,-111.11,18652.60,PMT131899,ACH
2025-08-15,2025-08-14,LYFT *RIDE ATLANTA GA L0PO,Auto & Transport,DEBIT,-75.67,18576.93,DBT456383,POS
2025-08-15,2025-08-13,SODELICE MURFREESBORO TN 1MHL,Food & Dining,DEBIT,-13.80,18563.13,DBT808645,CARD
2025-08-16,2025-08-14,SWEETWATER SUPPLIES #35187,Shopping,DEBIT,-27.35,18535.78,DBT471453,ACH
2025-08-16,2025-08-15,PIEDMONT GAS,Bills & Utilities,DEBIT,-67.15,18468.63,DBT651779,CARD
2025-08-17,2025-08-15,SUMMIT ONE CARD PYMT,Transfer,DEBIT,-1623.85,16844.78,PMT792023,ACH
2025-08-17,2025-08-16,CORNER MUSIC REPAIR NASHVILLE TN YFMU,Services,DEBIT,-69.20,16775.58,DBT989295,CARD
2025-08-17,2025-08-17,SWEETWATER SUPPLIES #94009,Shopping,DEBIT,-30.75,16744.83,DBT109579,POS
2025-08-17,2025-08-16,SAM ASH 77 MEMPHIS TN WCKY,Shopping,DEBIT,-19.46,16725.37,DBT805226,POS
2025-08-18,2025-08-18,FROTHY MONKEY NSH TN U8QW,Food & Dining,DEBIT,-22.06,16703.31,DBT417625,CARD
2025-08-20,2025-08-20,LARKSPUR INVESTMENTS ROTH XFER,Transfer,DEBIT,-475.37,16227.94,XFR439985,TRANSFER
2025-08-20,2025-08-19,FROTHY MONKEY MURFREESBORO TN JYCQ,Food & Dining,DEBIT,-17.67,16210.27,DBT220022,POS
2025-08-24,2025-08-24,STRINGJOY LLC FRANKLIN TN 9KLX,Shopping,DEBIT,-27.10,16183.17,DBT422003,ACH
2025-08-25,2025-08-23,AVID PRO TOOLS NASHVILLE TN C6MM,Bills & Utilities,DEBIT,-62.57,16120.60,DBT979616,ACH
2025-08-25,2025-08-23,ASCAP WORKSHOP #57417,Education,DEBIT,-76.88,16043.72,DBT885685,CARD
2025-08-25,2025-08-24,NASH HOUSE CAFE NSH TN 7POZ,Food & Dining,DEBIT,-23.92,16019.80,DBT640232,ACH
2025-08-26,2025-08-25,BELLWETHER STUDIOS PMT INV2346,Income,CREDIT,1005.79,17025.59,DEP880761,ACH
2025-08-26,2025-08-24,GUITAR CENTER 219 ATLANTA GA VQ57,Shopping,DEBIT,-41.12,16984.47,DBT176008,CARD
2025-08-27,2025-08-27,PRINCES HOT CHICKEN #30111,Food & Dining,DEBIT,-13.38,16971.09,DBT830347,ACH
2025-08-31,2025-08-31,INTEREST PAID,Income,CREDIT,12.06,16983.15,INT291779,INTEREST
2025-09-01,2025-09-01,EASTSIDE WORKLOFT LEASE,Home,DEBIT,-1500.00,15483.15,PMT294732,ACH
2025-09-01,2025-09-01,PARKWHIZ #75894,Auto & Transport,DEBIT,-99.19,15383.96,DBT161001,CARD
2025-09-01,2025-09-01,SHELL OIL 574 NSH TN KG41,Auto & Transport,DEBIT,-63.74,15320.22,DBT334378,POS
2025-09-02,2025-09-01,DOSE COFFEE #49745,Food & Dining,DEBIT,-20.02,15300.20,DBT193162,POS
2025-09-03,2025-09-02,MERIDIAN SOUND ROYALTY ACH M02AD,Income,CREDIT,7400.00,22700.20,DEP555377,ACH
2025-09-03,2025-09-02,NES NASHVILLE ELECTRIC,Bills & Utilities,DEBIT,-116.16,22584.04,DBT873912,ACH
2025-09-03,2025-09-02,FROTHY MONKEY #41710,Food & Dining,DEBIT,-16.34,22567.70,DBT475620,ACH
2025-09-03,2025-09-02,VENMO PAYMENT KEA5Y,Personal,DEBIT,-223.03,22344.67,DBT859909,ATM
2025-09-04,2025-09-03,SODELICE FRANKLIN TN 6G1K,Food & Dining,DEBIT,-21.84,22322.83,DBT848274,CARD
2025-09-05,2025-09-05,BLUECROSS BLUESHIELD TN PREM,Insurance,DEBIT,-385.00,21937.83,PMT309176,ACH
2025-09-05,2025-09-04,STAPLES 01182 #71151,Shopping,DEBIT,-33.91,21903.92,DBT466758,CARD
2025-09-06,2025-09-05,AMP MEDIC NSH #69484,Services,DEBIT,-64.54,21839.38,DBT194560,ACH
2025-09-08,2025-09-07,PLAYLIST PUSH NSH TN YM4N,Services,DEBIT,-255.02,21584.36,DBT109284,CARD
2025-09-09,2025-09-07,NASH HOUSE CAFE NASHVILLE TN IP8I,Food & Dining,DEBIT,-12.90,21571.46,DBT241040,ACH
2025-09-10,2025-09-08,STAPLES 01182 ATLANTA GA PCZ8,Shopping,DEBIT,-51.81,21519.65,DBT994787,POS
2025-09-11,2025-09-11,FANNYS HOUSE OF MUSIC MEMPHIS TN GY7S,Services,DEBIT,-50.29,21469.36,DBT542968,ACH
2025-09-11,2025-09-11,BAR SOVEREIGN MURFREESBORO TN RSTO,Food & Dining,DEBIT,-28.08,21441.28,DBT712707,POS
2025-09-12,2025-09-11,BELLWETHER STUDIOS PMT INV2258,Income,CREDIT,811.65,22252.93,DEP892456,ACH
2025-09-12,2025-09-12,GUITAR CENTER 219 MEMPHIS TN N2VV,Shopping,DEBIT,-25.27,22227.66,DBT392034,CARD
2025-09-12,2025-09-11,SODELICE #28987,Food & Dining,DEBIT,-21.90,22205.76,DBT648462,ACH
2025-09-13,2025-09-12,SODELICE MURFREESBORO TN 4CIP,Food & Dining,DEBIT,-26.91,22178.85,DBT187681,CARD
2025-09-14,2025-09-13,SWEETWATER FINANCING PMT,Loans,DEBIT,-111.11,22067.74,PMT314240,ACH
2025-09-15,2025-09-13,SUMMIT ONE CARD PYMT,Transfer,DEBIT,-1212.58,20855.16,PMT259143,ACH
2025-09-15,2025-09-13,IRS USATAXPYMT,Other,DEBIT,-1000.00,19855.16,TAX180692,ACH
2025-09-15,2025-09-14,SWEETWATER SUPPLIES #15856,Shopping,DEBIT,-34.73,19820.43,DBT530852,ACH
2025-09-16,2025-09-14,SOUNDFLY COURSE MURFREESBORO TN ARGD,Education,DEBIT,-54.07,19766.36,DBT137531,POS
2025-09-17,2025-09-15,PARKWHIZ NSH TN OIIQ,Auto & Transport,DEBIT,-117.18,19649.18,DBT681973,POS
2025-09-17,2025-09-17,FROTHY MONKEY #30210,Food & Dining,DEBIT,-27.20,19621.98,DBT833257,ACH
2025-09-17,2025-09-17,DOSE COFFEE #29548,Food & Dining,DEBIT,-21.34,19600.64,DBT781188,POS
2025-09-17,2025-09-17,FROTHY MONKEY NASHVILLE TN 86R0,Food & Dining,DEBIT,-20.15,19580.49,DBT183704,ACH
2025-09-19,2025-09-17,SAM ASH 77 NSH TN WIDD,Shopping,DEBIT,-30.41,19550.08,DBT784892,POS
2025-09-19,2025-09-18,BAR SOVEREIGN MEMPHIS TN FF5Z,Food & Dining,DEBIT,-18.95,19531.13,DBT269860,POS
2025-09-19,2025-09-19,ATM WITHDRAWAL #4966,Personal,DEBIT,-248.26,19282.87,DBT205297,TRANSFER
2025-09-20,2025-09-19,LARKSPUR INVESTMENTS ROTH XFER,Transfer,DEBIT,-480.22,18802.65,XFR107812,TRANSFER
2025-09-20,2025-09-20,CLARION GEAR INSURANCE,Insurance,DEBIT,-63.41,18739.24,DBT274559,POS
2025-09-21,2025-09-19,FROTHY MONKEY ATLANTA GA Y3W2,Food & Dining,DEBIT,-18.44,18720.80,DBT598186,ACH
2025-09-23,2025-09-23,SUBMITHUB #56424,Services,DEBIT,-154.66,18566.14,DBT374221,ACH
2025-09-24,2025-09-24,BRIDGES CPA GROUP #36818,Services,DEBIT,-449.77,18116.37,DBT439864,CARD
2025-09-24,2025-09-22,SPLICE SOUNDS #77384,Bills & Utilities,DEBIT,-84.69,18031.68,DBT932992,POS
2025-09-25,2025-09-25,SHELL OIL 574 FRANKLIN TN EEPX,Auto & Transport,DEBIT,-117.17,17914.51,DBT904626,CARD
2025-09-25,2025-09-24,FROTHY MONKEY #80228,Food & Dining,DEBIT,-13.11,17901.40,DBT471505,ACH
2025-09-26,2025-09-25,BELLWETHER STUDIOS PMT INV2137,Income,CREDIT,1072.22,18973.62,DEP414094,ACH
2025-09-30,2025-09-29,INTEREST PAID,Income,CREDIT,13.56,18987.18,INT179815,INTEREST
2025-10-01,2025-10-01,EASTSIDE WORKLOFT LEASE,Home,DEBIT,-1500.00,17487.18,PMT942871,ACH
2025-10-01,2025-10-01,FROTHY MONKEY NASHVILLE TN PWBG,Food & Dining,DEBIT,-17.98,17469.20,DBT391265,ACH
2025-10-03,2025-10-03,BANDSINTOWN PROMO ATLANTA GA CKFY,Services,DEBIT,-179.14,17290.06,DBT675151,ACH
2025-10-03,2025-10-01,BP#9123 MURFREESBORO TN QGHY,Auto & Transport,DEBIT,-50.63,17239.43,DBT462453,POS
2025-10-04,2025-10-04,PARKWHIZ #66774,Auto & Transport,DEBIT,-98.20,17141.23,DBT660199,CARD
2025-10-05,2025-10-05,BLUECROSS BLUESHIELD TN PREM,Insurance,DEBIT,-385.00,16756.23,PMT217318,ACH
2025-10-05,2025-10-03,PLAYLIST PUSH #78081,Services,DEBIT,-204.16,16552.07,DBT208659,ACH
2025-10-06,2025-10-05,VENMO PAYMENT 3OE00,Personal,DEBIT,-221.17,16330.90,DBT687944,ATM
2025-10-07,2025-10-07,CLARION GEAR INSURANCE,Insurance,DEBIT,-48.96,16281.94,DBT965163,CARD
2025-10-07,2025-10-07,DOSE COFFEE NSH TN G5PY,Food & Dining,DEBIT,-19.28,16262.66,DBT702783,CARD
2025-10-08,2025-10-07,MERIDIAN SOUND ROYALTY ACH M02VD,Income,CREDIT,1500.00,17762.66,DEP555790,ACH
2025-10-11,2025-10-11,SUMMIT ONE CARD PYMT,Transfer,DEBIT,-1935.58,15827.08,PMT530515,ACH
2025-10-12,2025-10-11,BELLWETHER STUDIOS PMT INV2334,Income,CREDIT,1135.80,16962.88,DEP857026,ACH
2025-10-12,2025-10-12,SIXT VAN RENTAL ATLANTA GA KVY3,Auto & Transport,DEBIT,-51.52,16911.36,DBT729592,POS
2025-10-12,2025-10-10,SPLICE SOUNDS #69673,Bills & Utilities,DEBIT,-61.51,16849.85,DBT662078,CARD
2025-10-13,2025-10-12,PARKWHIZ MEMPHIS TN GIJN,Auto & Transport,DEBIT,-105.28,16744.57,DBT715434,POS
2025-10-14,2025-10-13,SWEETWATER FINANCING PMT,Loans,DEBIT,-111.11,16633.46,PMT392560,ACH
2025-10-14,2025-10-14,SHELL OIL 574 #88301,Auto & Transport,DEBIT,-101.89,16531.57,DBT321949,POS
2025-10-14,2025-10-13,BAR SOVEREIGN MURFREESBORO TN 8JQ5,Food & Dining,DEBIT,-21.68,16509.89,DBT205155,ACH
2025-10-15,2025-10-13,CLARION GEAR INSURANCE,Insurance,DEBIT,-73.47,16436.42,DBT664978,CARD
2025-10-16,2025-10-14,LYFT *RIDE #37434,Auto & Transport,DEBIT,-105.14,16331.28,DBT898367,ACH
2025-10-18,2025-10-16,UBER *TRIP NASHVILLE TN HPYV,Auto & Transport,DEBIT,-94.58,16236.70,DBT934609,POS
2025-10-18,2025-10-18,SWEETWATER SUPPLIES MEMPHIS TN 3AMV,Shopping,DEBIT,-38.15,16198.55,DBT401261,CARD
2025-10-18,2025-10-16,COMCAST BUSINESS,Bills & Utilities,DEBIT,-106.84,16091.71,DBT553721,CARD
2025-10-18,2025-10-16,MONTHLY MAINT FEE ATLANTA GA 4WI7,Fees & Charges,DEBIT,-21.40,16070.31,DBT438849,POS
2025-10-19,2025-10-19,PRINCES HOT CHICKEN MURFREESBORO TN 2RVJ,Food & Dining,DEBIT,-28.35,16041.96,DBT420293,CARD
2025-10-20,2025-10-19,LARKSPUR INVESTMENTS ROTH XFER,Transfer,DEBIT,-443.19,15598.77,XFR711324,TRANSFER
2025-10-22,2025-10-22,IZOTOPE INC ATLANTA GA ZK5B,Bills & Utilities,DEBIT,-43.40,15555.37,DBT335755,ACH
2025-10-22,2025-10-21,SODELICE #84915,Food & Dining,DEBIT,-32.11,15523.26,DBT825007,POS
2025-10-23,2025-10-23,STRINGJOY LLC NASHVILLE TN 3KM9,Shopping,DEBIT,-23.73,15499.53,DBT131994,CARD
2025-10-23,2025-10-22,GUITAR CENTER 219 MEMPHIS TN RNX0,Shopping,DEBIT,-28.31,15471.22,DBT977669,POS
2025-10-24,2025-10-23,FROTHY MONKEY NSH TN 2HD0,Food & Dining,DEBIT,-31.40,15439.82,DBT423130,ACH
2025-10-25,2025-10-25,COMCAST BUSINESS,Bills & Utilities,DEBIT,-57.42,15382.40,DBT430677,ACH
2025-10-25,2025-10-24,FROTHY MONKEY FRANKLIN TN UOO4,Food & Dining,DEBIT,-23.40,15359.00,DBT605589,POS
2025-10-26,2025-10-26,BELLWETHER STUDIOS PMT INV2113,Income,CREDIT,799.16,16158.16,DEP481610,ACH
2025-10-26,2025-10-24,SOUNDFLY COURSE #42959,Education,DEBIT,-116.74,16041.42,DBT384880,CARD
2025-10-27,2025-10-27,SIXT VAN RENTAL #14224,Auto & Transport,DEBIT,-65.16,15976.26,DBT533688,ACH
2025-10-27,2025-10-26,VERIZON WIRELESS,Bills & Utilities,DEBIT,-80.28,15895.98,DBT136683,ACH
2025-10-31,2025-10-31,INTEREST PAID,Income,CREDIT,12.42,15908.40,INT140468,INTEREST
2025-11-01,2025-11-01,EASTSIDE WORKLOFT LEASE,Home,DEBIT,-1500.00,14408.40,PMT341930,ACH
2025-11-01,2025-11-01,ZELLE TO J MERCER T1NWE,Personal,DEBIT,-244.27,14164.13,DBT450741,TRANSFER
2025-11-02,2025-11-02,UPS STORE 6210 #63164,Shopping,DEBIT,-35.88,14128.25,DBT288959,CARD
2025-11-03,2025-11-02,USPS PO 4471 NSH TN YFWO,Shopping,DEBIT,-49.50,14078.75,DBT862792,POS
2025-11-03,2025-11-02,STRINGJOY LLC #30875,Shopping,DEBIT,-21.80,14056.95,DBT567980,POS
2025-11-04,2025-11-03,HARLAN ENT LAW LLP FRANKLIN TN OOCC,Services,DEBIT,-466.39,13590.56,DBT354511,POS
2025-11-04,2025-11-04,STRINGJOY LLC #47127,Shopping,DEBIT,-18.39,13572.17,DBT165803,POS
2025-11-04,2025-11-02,STRINGJOY LLC NSH TN MO1O,Shopping,DEBIT,-37.36,13534.81,DBT932677,CARD
2025-11-05,2025-11-03,BLUECROSS BLUESHIELD TN PREM,Insurance,DEBIT,-385.00,13149.81,PMT310309,ACH
2025-11-06,2025-11-06,LYFT *RIDE MEMPHIS TN AZVA,Auto & Transport,DEBIT,-80.85,13068.96,DBT724342,ACH
2025-11-07,2025-11-05,MERIDIAN SOUND ROYALTY ACH Q3HN,Income,CREDIT,4830.00,17898.96,DEP868398,ACH
2025-11-07,2025-11-07,GUITAR CENTER 219 #64770,Shopping,DEBIT,-41.64,17857.32,DBT480081,CARD
2025-11-08,2025-11-07,STRINGJOY LLC NASHVILLE TN 6OET,Shopping,DEBIT,-27.71,17829.61,DBT693689,CARD
2025-11-09,2025-11-08,SUMMIT ONE CARD PYMT,Transfer,DEBIT,-1395.44,16434.17,PMT908251,ACH
2025-11-11,2025-11-10,MONTHLY MAINT FEE #59714,Fees & Charges,DEBIT,-12.40,16421.77,DBT372624,CARD
2025-11-12,2025-11-11,BELLWETHER STUDIOS PMT INV2334,Income,CREDIT,458.62,16880.39,DEP238404,ACH
2025-11-12,2025-11-11,ZELLE TO J MERCER I4QBX,Personal,DEBIT,-139.15,16741.24,DBT701364,POS
2025-11-13,2025-11-13,SODELICE #14305,Food & Dining,DEBIT,-15.14,16726.10,DBT639195,ACH
2025-11-14,2025-11-13,SWEETWATER FINANCING PMT,Loans,DEBIT,-111.11,16614.99,PMT542942,ACH
2025-11-14,2025-11-13,VERIZON WIRELESS,Bills & Utilities,DEBIT,-70.58,16544.41,DBT813604,POS
2025-11-14,2025-11-12,PRINCES HOT CHICKEN NSH TN WEK6,Food & Dining,DEBIT,-30.65,16513.76,DBT681515,ACH
2025-11-16,2025-11-15,HARLAN ENT LAW LLP NASHVILLE TN FV5S,Services,DEBIT,-272.60,16241.16,DBT492277,POS
2025-11-16,2025-11-16,COSTCO WHSE #1182 MEMPHIS TN EY0E,Personal,DEBIT,-200.33,16040.83,DBT249480,TRANSFER
2025-11-20,2025-11-20,LARKSPUR INVESTMENTS ROTH XFER,Transfer,DEBIT,-444.11,15596.72,XFR493181,TRANSFER
2025-11-20,2025-11-20,SODELICE MEMPHIS TN 9KKZ,Food & Dining,DEBIT,-21.32,15575.40,DBT174104,CARD
2025-11-22,2025-11-20,NES NASHVILLE ELECTRIC,Bills & Utilities,DEBIT,-97.34,15478.06,DBT605639,POS
2025-11-22,2025-11-20,NASH HOUSE CAFE NASHVILLE TN WQHJ,Food & Dining,DEBIT,-31.81,15446.25,DBT583308,POS
2025-11-24,2025-11-24,SODELICE #98636,Food & Dining,DEBIT,-14.30,15431.95,DBT105745,POS
2025-11-24,2025-11-22,FROTHY MONKEY NSH TN OTZK,Food & Dining,DEBIT,-16.52,15415.43,DBT606927,POS
2025-11-26,2025-11-24,BELLWETHER STUDIOS PMT INV2371,Income,CREDIT,410.16,15825.59,DEP566296,ACH
2025-11-26,2025-11-26,PRINCES HOT CHICKEN #34776,Food & Dining,DEBIT,-19.75,15805.84,DBT439809,CARD
2025-11-27,2025-11-25,FROTHY MONKEY #90749,Food & Dining,DEBIT,-12.97,15792.87,DBT939043,ACH
2025-11-30,2025-11-29,INTEREST PAID,Income,CREDIT,9.05,15801.92,INT640079,INTEREST
2025-12-01,2025-12-01,EASTSIDE WORKLOFT LEASE,Home,DEBIT,-1500.00,14301.92,PMT187851,ACH
2025-12-02,2025-12-02,SODELICE #84096,Food & Dining,DEBIT,-29.47,14272.45,DBT259729,CARD
2025-12-04,2025-12-04,MERIDIAN SOUND ROYALTY ACH Q3R1,Income,CREDIT,3300.00,17572.45,DEP872550,ACH
2025-12-04,2025-12-04,SWEETWATER SUPPLIES ATLANTA GA CMYW,Shopping,DEBIT,-21.24,17551.21,DBT297896,CARD
2025-12-05,2025-12-04,BLUECROSS BLUESHIELD TN PREM,Insurance,DEBIT,-385.00,17166.21,PMT255863,ACH
2025-12-10,2025-12-09,VERIZON WIRELESS,Bills & Utilities,DEBIT,-77.03,17089.18,DBT756549,CARD
2025-12-12,2025-12-11,BELLWETHER STUDIOS PMT INV2168,Income,CREDIT,739.40,17828.58,DEP504034,ACH
2025-12-14,2025-12-13,SWEETWATER FINANCING PMT,Loans,DEBIT,-111.11,17717.47,PMT536737,ACH
2025-12-14,2025-12-13,SUMMIT ONE CARD PYMT,Transfer,DEBIT,-1825.50,15891.97,PMT551676,ACH
2025-12-14,2025-12-14,NASH HOUSE CAFE #76993,Food & Dining,DEBIT,-15.20,15876.77,DBT591558,POS
2025-12-15,2025-12-13,IRS USATAXPYMT,Other,DEBIT,-1000.00,14876.77,TAX631801,ACH
2025-12-16,2025-12-15,BP#9123 FRANKLIN TN HLZD,Auto & Transport,DEBIT,-110.26,14766.51,DBT335530,POS
2025-12-17,2025-12-15,STRINGJOY LLC #4950,Shopping,DEBIT,-36.55,14729.96,DBT210758,ACH
2025-12-17,2025-12-17,DOSE COFFEE ATLANTA GA SY6S,Food & Dining,DEBIT,-30.67,14699.29,DBT221679,CARD
2025-12-17,2025-12-17,SODELICE #23762,Food & Dining,DEBIT,-26.25,14673.04,DBT857157,ACH
2025-12-17,2025-12-17,FROTHY MONKEY #13250,Food & Dining,DEBIT,-15.88,14657.16,DBT800104,ACH
2025-12-19,2025-12-19,BP#9123 #99779,Auto & Transport,DEBIT,-65.36,14591.80,DBT379601,CARD
2025-12-19,2025-12-18,STAPLES 01182 ATLANTA GA R2OV,Shopping,DEBIT,-41.27,14550.53,DBT857447,ACH
2025-12-20,2025-12-18,LARKSPUR INVESTMENTS ROTH XFER,Transfer,DEBIT,-439.26,14111.27,XFR941941,TRANSFER
2025-12-20,2025-12-20,PARKWHIZ #93550,Auto & Transport,DEBIT,-92.05,14019.22,DBT650529,ACH
2025-12-21,2025-12-21,AVID PRO TOOLS #17359,Bills & Utilities,DEBIT,-51.92,13967.30,DBT213942,CARD
2025-12-22,2025-12-22,AVID PRO TOOLS #81695,Bills & Utilities,DEBIT,-65.30,13902.00,DBT223335,POS
2025-12-23,2025-12-21,SAM ASH 77 #40436,Shopping,DEBIT,-31.88,13870.12,DBT359848,CARD
2025-12-23,2025-12-23,TN FARM BUREAU AUTO #3873,Personal,DEBIT,-181.13,13688.99,DBT986171,TRANSFER
2025-12-24,2025-12-24,DELTA AIR 0061 #93309,Auto & Transport,DEBIT,-99.91,13589.08,DBT227019,ACH
2025-12-24,2025-12-24,BAR SOVEREIGN #74140,Food & Dining,DEBIT,-27.35,13561.73,DBT605597,CARD
2025-12-24,2025-12-24,VENMO *CASHOUT C7S32,Personal,DEBIT,-267.07,13294.66,DBT836821,POS
2025-12-26,2025-12-24,BELLWETHER STUDIOS PMT INV2193,Income,CREDIT,739.31,14033.97,DEP204109,ACH
2025-12-27,2025-12-27,PARKWHIZ NASHVILLE TN 4X2I,Auto & Transport,DEBIT,-82.09,13951.88,DBT668899,CARD
2025-12-27,2025-12-25,AMP MEDIC NSH #17952,Services,DEBIT,-64.08,13887.80,DBT410479,CARD
2025-12-31,2025-12-29,INTEREST PAID,Income,CREDIT,13.56,13901.36,INT784172,INTEREST
