account_last4,posting_date,transaction_date,description,merchant_category,type,channel,location,check_number,reference_id,amount,running_balance
3318,2025-01-01,2025-01-01,WA DRS PENSION DIRECT DEP ID:455685,Income,CREDIT,ACH,Olympia WA,,IC0100001,1380.00,15760.55
3318,2025-01-01,2025-01-01,SPOKANE COMM FOUNDATION GIFT ID:800207,Charity,DEBIT,ACH,Spokane WA,,IC0100002,-500.00,15260.55
3318,2025-01-02,2025-01-02,NETFLIX.COM #5184,Subscriptions,DEBIT,POS,,,IC0100003,-22.99,15237.56
3318,2025-01-02,2025-01-02,TRANSFER TO SAVINGS 7741,Transfer,DEBIT,XFER,,,IC0100004,-1500.00,13737.56
3318,2025-01-03,2025-01-03,SSA TREAS 310 XXSOC SEC ID:482254,Income,CREDIT,ACH,,,IC0100005,1900.00,15637.56
3318,2025-01-03,2025-01-03,THE NEW YORK TIMES #1961,Subscriptions,DEBIT,POS,,,IC0100006,-17.00,15620.56
3318,2025-01-05,2025-01-05,LAKEWOOD MTG SERVICING ID:758428,Rental,DEBIT,ACH,Coeur d'Alene ID,,IC0100007,-783.33,14837.23
3318,2025-01-07,2025-01-07,WALGREENS #4471 RX #2732,Healthcare,DEBIT,POS,Spokane WA,,IC0100008,-37.00,14800.23
3318,2025-01-08,2025-01-08,AVISTA UTILITIES BILLPAY ID:231086,Utilities,DEBIT,ACH,Spokane WA,,IC0100009,-179.00,14621.23
3318,2025-01-10,2025-01-10,SAFEWAY #1471 #5780,Groceries,DEBIT,POS,Spokane WA,,IC0100010,-64.00,14557.23
3318,2025-01-10,2025-01-10,HOME DEPOT #2706 #2864,Shopping,DEBIT,POS,,,IC0100011,-105.00,14452.23
3318,2025-01-11,2025-01-11,SPOTIFY USA #3673,Subscriptions,DEBIT,POS,,,IC0100012,-11.99,14440.24
3318,2025-01-12,2025-01-12,COMCAST XFINITY ID:747443,Utilities,DEBIT,ACH,,,IC0100013,-89.00,14351.24
3318,2025-01-12,2025-01-12,COEUR D'ALENE INSURANCE ID:946544,Rental,DEBIT,ACH,Coeur d'Alene ID,,IC0100014,-1150.00,13201.24
3318,2025-01-13,2025-01-13,PANERA BREAD #601 #3916,Dining,DEBIT,POS,Spokane WA,,IC0100015,-46.00,13155.24
3318,2025-01-15,2025-01-15,CASCADE CIVIL PAYROLL ID:298231,Payroll,CREDIT,ACH,Spokane WA,,IC0100016,2701.04,15856.28
3318,2025-01-15,2025-01-15,GEICO AUTO INSURANCE ID:360972,Insurance,DEBIT,ACH,,,IC0100017,-138.55,15717.73
3318,2025-01-15,2025-01-15,CHIPOTLE 1844 #8195,Dining,DEBIT,POS,Spokane WA,,IC0100018,-22.00,15695.73
3318,2025-01-16,2025-01-16,TRADER JOES #182 #6862,Groceries,DEBIT,POS,Spokane WA,,IC0100019,-84.00,15611.73
3318,2025-01-18,2025-01-18,SUMMIT PM NET RENT CDA ID:539310,Income,CREDIT,ACH,Coeur d'Alene ID,,IC0100020,1656.00,17267.73
3318,2025-01-19,2025-01-19,EXXON SPOKANE S HILL #8799,Transport,DEBIT,POS,Spokane WA,,IC0100021,-65.00,17202.73
3318,2025-01-21,2025-01-21,YOKES FRESH MARKET #1766,Groceries,DEBIT,POS,Spokane WA,,IC0100022,-125.00,17077.73
3318,2025-01-21,2025-01-21,CHEVRON 5TH AVE #9555,Transport,DEBIT,POS,Spokane WA,,IC0100023,-36.00,17041.73
3318,2025-01-23,2025-01-23,APPLE.COM/BILL #5697,Subscriptions,DEBIT,POS,,,IC0100024,-2.99,17038.74
3318,2025-01-23,2025-01-23,CASPER FRY #4508,Dining,DEBIT,POS,Spokane WA,,IC0100025,-91.00,16947.74
3318,2025-01-28,2025-01-28,CITY OF SPOKANE WATER/SEWER ID:269403,Utilities,DEBIT,ACH,Spokane WA,,IC0100026,-72.00,16875.74
3318,2025-01-31,2025-01-31,CASCADE CIVIL PAYROLL ID:789439,Payroll,CREDIT,ACH,Spokane WA,,IC0100027,2701.04,19576.78
3318,2025-02-01,2025-02-01,WA DRS PENSION DIRECT DEP ID:230966,Income,CREDIT,ACH,Olympia WA,,IC0200028,1380.00,20956.78
3318,2025-02-02,2025-02-02,NETFLIX.COM #2527,Subscriptions,DEBIT,POS,,,IC0200029,-22.99,20933.79
3318,2025-02-02,2025-02-02,TRANSFER TO SAVINGS 7741,Transfer,DEBIT,XFER,,,IC0200030,-1500.00,19433.79
3318,2025-02-03,2025-02-03,SSA TREAS 310 XXSOC SEC ID:634362,Income,CREDIT,ACH,,,IC0200031,1900.00,21333.79
3318,2025-02-03,2025-02-03,THE NEW YORK TIMES #6046,Subscriptions,DEBIT,POS,,,IC0200032,-17.00,21316.79
3318,2025-02-03,2025-02-03,KOOTENAI COUNTY TREASURER ID:329784,Rental,DEBIT,ACH,Coeur d'Alene ID,,IC0200033,-1150.00,20166.79
3318,2025-02-05,2025-02-05,LAKEWOOD MTG SERVICING ID:815727,Rental,DEBIT,ACH,Coeur d'Alene ID,,IC0200034,-783.33,19383.46
3318,2025-02-07,2025-02-07,ROSAUERS #022 #6084,Groceries,DEBIT,POS,Spokane WA,,IC0200035,-88.00,19295.46
3318,2025-02-07,2025-02-07,WALGREENS #4471 RX #1814,Healthcare,DEBIT,POS,Spokane WA,,IC0200036,-41.00,19254.46
3318,2025-02-08,2025-02-08,AVISTA UTILITIES BILLPAY ID:310997,Utilities,DEBIT,ACH,Spokane WA,,IC0200037,-179.00,19075.46
3318,2025-02-09,2025-02-09,SPOKANE CO PUBLIC WORKS AP ID:576064,Income,CREDIT,ACH,Spokane WA,,IC0200038,6500.00,25575.46
3318,2025-02-11,2025-02-11,SPOTIFY USA #4166,Subscriptions,DEBIT,POS,,,IC0200039,-11.99,25563.47
3318,2025-02-12,2025-02-12,COMCAST XFINITY ID:234762,Utilities,DEBIT,ACH,,,IC0200040,-89.00,25474.47
3318,2025-02-12,2025-02-12,MOD PIZZA SPOKANE #7148,Dining,DEBIT,POS,Spokane WA,,IC0200041,-36.00,25438.47
3318,2025-02-15,2025-02-15,CASCADE CIVIL PAYROLL ID:114148,Payroll,CREDIT,ACH,Spokane WA,,IC0200042,2701.04,28139.51
3318,2025-02-15,2025-02-15,GEICO AUTO INSURANCE ID:818163,Insurance,DEBIT,ACH,,,IC0200043,-138.55,28000.96
3318,2025-02-16,2025-02-16,EXXON SPOKANE S HILL #9027,Transport,DEBIT,POS,Spokane WA,,IC0200044,-42.00,27958.96
3318,2025-02-17,2025-02-17,TRADER JOES #182 #5709,Groceries,DEBIT,POS,Spokane WA,,IC0200045,-150.00,27808.96
3318,2025-02-18,2025-02-18,SUMMIT PM NET RENT CDA ID:228831,Income,CREDIT,ACH,Coeur d'Alene ID,,IC0200046,1656.00,29464.96
3318,2025-02-18,2025-02-18,CASPER FRY #5073,Dining,DEBIT,POS,Spokane WA,,IC0200047,-70.00,29394.96
3318,2025-02-20,2025-02-20,COSTCO GAS #0014 #4464,Transport,DEBIT,POS,Spokane WA,,IC0200048,-44.00,29350.96
3318,2025-02-21,2025-02-21,REI SPOKANE #9385,Shopping,DEBIT,POS,,,IC0200049,-74.00,29276.96
3318,2025-02-23,2025-02-23,APPLE.COM/BILL #6236,Subscriptions,DEBIT,POS,,,IC0200050,-2.99,29273.97
3318,2025-02-23,2025-02-23,FRED MEYER #0445 #5211,Groceries,DEBIT,POS,Spokane WA,,IC0200051,-124.00,29149.97
3318,2025-02-24,2025-02-24,WILD SAGE BISTRO #4981,Dining,DEBIT,POS,Spokane WA,,IC0200052,-112.00,29037.97
3318,2025-02-28,2025-02-28,CASCADE CIVIL PAYROLL ID:105175,Payroll,CREDIT,ACH,Spokane WA,,IC0200053,2701.04,31739.01
3318,2025-02-28,2025-02-28,CITY OF SPOKANE WATER/SEWER ID:333917,Utilities,DEBIT,ACH,Spokane WA,,IC0200054,-72.00,31667.01
3318,2025-03-01,2025-03-01,WA DRS PENSION DIRECT DEP ID:651163,Income,CREDIT,ACH,Olympia WA,,IC0300055,1380.00,33047.01
3318,2025-03-02,2025-03-02,NETFLIX.COM #7674,Subscriptions,DEBIT,POS,,,IC0300056,-22.99,33024.02
3318,2025-03-02,2025-03-02,TRANSFER TO SAVINGS 7741,Transfer,DEBIT,XFER,,,IC0300057,-1500.00,31524.02
3318,2025-03-03,2025-03-03,SSA TREAS 310 XXSOC SEC ID:179896,Income,CREDIT,ACH,,,IC0300058,1900.00,33424.02
3318,2025-03-03,2025-03-03,THE NEW YORK TIMES #2531,Subscriptions,DEBIT,POS,,,IC0300059,-17.00,33407.02
3318,2025-03-05,2025-03-05,LAKEWOOD MTG SERVICING ID:150092,Rental,DEBIT,ACH,Coeur d'Alene ID,,IC0300060,-783.33,32623.69
3318,2025-03-07,2025-03-07,WALGREENS #4471 RX #1639,Healthcare,DEBIT,POS,Spokane WA,,IC0300061,-34.00,32589.69
3318,2025-03-08,2025-03-08,AVISTA UTILITIES BILLPAY ID:421333,Utilities,DEBIT,ACH,Spokane WA,,IC0300062,-179.00,32410.69
3318,2025-03-08,2025-03-08,ROSAUERS #022 #7535,Groceries,DEBIT,POS,Spokane WA,,IC0300063,-62.00,32348.69
3318,2025-03-10,2025-03-10,CHEVRON 5TH AVE #5701,Transport,DEBIT,POS,Spokane WA,,IC0300064,-49.00,32299.69
3318,2025-03-11,2025-03-11,SPOTIFY USA #4142,Subscriptions,DEBIT,POS,,,IC0300065,-11.99,32287.70
3318,2025-03-12,2025-03-12,COMCAST XFINITY ID:687344,Utilities,DEBIT,ACH,,,IC0300066,-89.00,32198.70
3318,2025-03-12,2025-03-12,SAFEWAY #1471 #2407,Groceries,DEBIT,POS,Spokane WA,,IC0300067,-63.00,32135.70
3318,2025-03-12,2025-03-12,SELKIRK STRUCTURAL ACH ID:498652,Income,CREDIT,ACH,Sandpoint ID,,IC0300068,5000.00,37135.70
3318,2025-03-13,2025-03-13,WILD SAGE BISTRO #2575,Dining,DEBIT,POS,Spokane WA,,IC0300069,-121.00,37014.70
3318,2025-03-15,2025-03-15,CASCADE CIVIL PAYROLL ID:887587,Payroll,CREDIT,ACH,Spokane WA,,IC0300070,2701.04,39715.74
3318,2025-03-15,2025-03-15,GEICO AUTO INSURANCE ID:217460,Insurance,DEBIT,ACH,,,IC0300071,-138.55,39577.19
3318,2025-03-15,2025-03-15,WALMART SUPERCTR #8338,Shopping,DEBIT,POS,,,IC0300072,-115.00,39462.19
3318,2025-03-16,2025-03-16,PANERA BREAD #601 #6892,Dining,DEBIT,POS,Spokane WA,,IC0300073,-25.00,39437.19
3318,2025-03-17,2025-03-17,COSTCO GAS #0014 #5006,Transport,DEBIT,POS,Spokane WA,,IC0300074,-41.00,39396.19
3318,2025-03-18,2025-03-18,SUMMIT PM NET RENT CDA ID:463253,Income,CREDIT,ACH,Coeur d'Alene ID,,IC0300075,1656.00,41052.19
3318,2025-03-19,2025-03-19,LAKEVIEW PLUMBING #6861,Rental,DEBIT,POS,Coeur d'Alene ID,,IC0300076,-640.00,40412.19
3318,2025-03-20,2025-03-20,PALOUSE ENG LLP DISTRIB ID:537151,Income,CREDIT,ACH,Spokane WA,,IC0300077,4500.00,44912.19
3318,2025-03-21,2025-03-21,TRADER JOES #182 #2303,Groceries,DEBIT,POS,Spokane WA,,IC0300078,-83.00,44829.19
3318,2025-03-23,2025-03-23,APPLE.COM/BILL #7484,Subscriptions,DEBIT,POS,,,IC0300079,-2.99,44826.20
3318,2025-03-25,2025-03-25,CASPER FRY #7830,Dining,DEBIT,POS,Spokane WA,,IC0300080,-68.00,44758.20
3318,2025-03-28,2025-03-28,CITY OF SPOKANE WATER/SEWER ID:931278,Utilities,DEBIT,ACH,Spokane WA,,IC0300081,-72.00,44686.20
3318,2025-03-31,2025-03-31,CASCADE CIVIL PAYROLL ID:183942,Payroll,CREDIT,ACH,Spokane WA,,IC0300082,2701.04,47387.24
3318,2025-04-01,2025-04-01,WA DRS PENSION DIRECT DEP ID:113800,Income,CREDIT,ACH,Olympia WA,,IC0400083,1380.00,48767.24
3318,2025-04-01,2025-04-01,SPOKANE COMM FOUNDATION GIFT ID:773322,Charity,DEBIT,ACH,Spokane WA,,IC0400084,-500.00,48267.24
3318,2025-04-02,2025-04-02,NETFLIX.COM #5143,Subscriptions,DEBIT,POS,,,IC0400085,-22.99,48244.25
3318,2025-04-02,2025-04-02,TRANSFER TO SAVINGS 7741,Transfer,DEBIT,XFER,,,IC0400086,-1500.00,46744.25
3318,2025-04-03,2025-04-03,SSA TREAS 310 XXSOC SEC ID:378590,Income,CREDIT,ACH,,,IC0400087,1900.00,48644.25
3318,2025-04-03,2025-04-03,THE NEW YORK TIMES #5327,Subscriptions,DEBIT,POS,,,IC0400088,-17.00,48627.25
3318,2025-04-04,2025-04-04,COSTCO WHSE #0014 #3601,Groceries,DEBIT,POS,Spokane WA,,IC0400089,-209.00,48418.25
3318,2025-04-05,2025-04-05,LAKEWOOD MTG SERVICING ID:195726,Rental,DEBIT,ACH,Coeur d'Alene ID,,IC0400090,-783.33,47634.92
3318,2025-04-05,2025-04-05,PANERA BREAD #601 #7417,Dining,DEBIT,POS,Spokane WA,,IC0400091,-24.00,47610.92
3318,2025-04-07,2025-04-07,WALGREENS #4471 RX #1455,Healthcare,DEBIT,POS,Spokane WA,,IC0400092,-35.00,47575.92
3318,2025-04-08,2025-04-08,AVISTA UTILITIES BILLPAY ID:168803,Utilities,DEBIT,ACH,Spokane WA,,IC0400093,-179.00,47396.92
3318,2025-04-10,2025-04-10,COSTCO GAS #0014 #3362,Transport,DEBIT,POS,Spokane WA,,IC0400094,-68.00,47328.92
3318,2025-04-11,2025-04-11,SPOTIFY USA #9166,Subscriptions,DEBIT,POS,,,IC0400095,-11.99,47316.93
3318,2025-04-12,2025-04-12,COMCAST XFINITY ID:360158,Utilities,DEBIT,ACH,,,IC0400096,-89.00,47227.93
3318,2025-04-15,2025-04-15,CASCADE CIVIL PAYROLL ID:490203,Payroll,CREDIT,ACH,Spokane WA,,IC0400097,2701.04,49928.97
3318,2025-04-15,2025-04-15,GEICO AUTO INSURANCE ID:107713,Insurance,DEBIT,ACH,,,IC0400098,-138.55,49790.42
3318,2025-04-15,2025-04-15,ROSAUERS #022 #6875,Groceries,DEBIT,POS,Spokane WA,,IC0400099,-109.00,49681.42
3318,2025-04-15,2025-04-15,IRS USATAXPYMT EST 1040-ES,Taxes,DEBIT,ACH,,,IC0400100,-8094.50,41586.92
3318,2025-04-17,2025-04-17,HOME DEPOT #2706 #9894,Shopping,DEBIT,POS,,,IC0400101,-92.00,41494.92
3318,2025-04-18,2025-04-18,SUMMIT PM NET RENT CDA ID:388405,Income,CREDIT,ACH,Coeur d'Alene ID,,IC0400102,1656.00,43150.92
3318,2025-04-18,2025-04-18,CASPER FRY #5202,Dining,DEBIT,POS,Spokane WA,,IC0400103,-80.00,43070.92
3318,2025-04-18,2025-04-18,CHEVRON 5TH AVE #7612,Transport,DEBIT,POS,Spokane WA,,IC0400104,-46.00,43024.92
3318,2025-04-18,2025-04-18,CHECK,Check,DEBIT,CHECK,,2041,IC0400105,-250.00,42774.92
3318,2025-04-21,2025-04-21,CHIPOTLE 1844 #3289,Dining,DEBIT,POS,Spokane WA,,IC0400106,-29.00,42745.92
3318,2025-04-23,2025-04-23,APPLE.COM/BILL #9464,Subscriptions,DEBIT,POS,,,IC0400107,-2.99,42742.93
3318,2025-04-25,2025-04-25,TRADER JOES #182 #7619,Groceries,DEBIT,POS,Spokane WA,,IC0400108,-133.00,42609.93
3318,2025-04-28,2025-04-28,CITY OF SPOKANE WATER/SEWER ID:425697,Utilities,DEBIT,ACH,Spokane WA,,IC0400109,-72.00,42537.93
3318,2025-04-30,2025-04-30,CASCADE CIVIL PAYROLL ID:496784,Payroll,CREDIT,ACH,Spokane WA,,IC0400110,2701.04,45238.97
3318,2025-05-01,2025-05-01,WA DRS PENSION DIRECT DEP ID:200349,Income,CREDIT,ACH,Olympia WA,,IC0500111,1380.00,46618.97
3318,2025-05-02,2025-05-02,NETFLIX.COM #5542,Subscriptions,DEBIT,POS,,,IC0500112,-22.99,46595.98
3318,2025-05-02,2025-05-02,TRANSFER TO SAVINGS 7741,Transfer,DEBIT,XFER,,,IC0500113,-1500.00,45095.98
3318,2025-05-03,2025-05-03,SSA TREAS 310 XXSOC SEC ID:430997,Income,CREDIT,ACH,,,IC0500114,1900.00,46995.98
3318,2025-05-03,2025-05-03,THE NEW YORK TIMES #1953,Subscriptions,DEBIT,POS,,,IC0500115,-17.00,46978.98
3318,2025-05-05,2025-05-05,LAKEWOOD MTG SERVICING ID:181120,Rental,DEBIT,ACH,Coeur d'Alene ID,,IC0500116,-783.33,46195.65
3318,2025-05-07,2025-05-07,WALGREENS #4471 RX #2798,Healthcare,DEBIT,POS,Spokane WA,,IC0500117,-30.00,46165.65
3318,2025-05-08,2025-05-08,AVISTA UTILITIES BILLPAY ID:570872,Utilities,DEBIT,ACH,Spokane WA,,IC0500118,-179.00,45986.65
3318,2025-05-08,2025-05-08,EXXON SPOKANE S HILL #6257,Transport,DEBIT,POS,Spokane WA,,IC0500119,-66.00,45920.65
3318,2025-05-08,2025-05-08,COSTCO GAS #0014 #8229,Transport,DEBIT,POS,Spokane WA,,IC0500120,-55.00,45865.65
3318,2025-05-08,2025-05-08,REI SPOKANE #4035,Shopping,DEBIT,POS,,,IC0500121,-151.00,45714.65
3318,2025-05-09,2025-05-09,SPOKANE CO PUBLIC WORKS AP ID:689721,Income,CREDIT,ACH,Spokane WA,,IC0500122,6500.00,52214.65
3318,2025-05-11,2025-05-11,SPOTIFY USA #9347,Subscriptions,DEBIT,POS,,,IC0500123,-11.99,52202.66
3318,2025-05-11,2025-05-11,MOD PIZZA SPOKANE #6172,Dining,DEBIT,POS,Spokane WA,,IC0500124,-25.00,52177.66
3318,2025-05-12,2025-05-12,COMCAST XFINITY ID:711586,Utilities,DEBIT,ACH,,,IC0500125,-89.00,52088.66
3318,2025-05-14,2025-05-14,CASPER FRY #3426,Dining,DEBIT,POS,Spokane WA,,IC0500126,-87.00,52001.66
3318,2025-05-15,2025-05-15,CASCADE CIVIL PAYROLL ID:736242,Payroll,CREDIT,ACH,Spokane WA,,IC0500127,2701.04,54702.70
3318,2025-05-15,2025-05-15,GEICO AUTO INSURANCE ID:292026,Insurance,DEBIT,ACH,,,IC0500128,-138.55,54564.15
3318,2025-05-15,2025-05-15,ROSAUERS #022 #8220,Groceries,DEBIT,POS,Spokane WA,,IC0500129,-114.00,54450.15
3318,2025-05-18,2025-05-18,SUMMIT PM NET RENT CDA ID:926715,Income,CREDIT,ACH,Coeur d'Alene ID,,IC0500130,1656.00,56106.15
3318,2025-05-18,2025-05-18,COSTCO WHSE #0014 #4070,Groceries,DEBIT,POS,Spokane WA,,IC0500131,-143.00,55963.15
3318,2025-05-18,2025-05-18,SAFEWAY #1471 #8702,Groceries,DEBIT,POS,Spokane WA,,IC0500132,-91.00,55872.15
3318,2025-05-20,2025-05-20,STARBUCKS #0471 #5462,Dining,DEBIT,POS,Spokane WA,,IC0500133,-9.00,55863.15
3318,2025-05-22,2025-05-22,IDAHO ROOFING CO #7708,Rental,DEBIT,POS,Coeur d'Alene ID,,IC0500134,-520.00,55343.15
3318,2025-05-23,2025-05-23,APPLE.COM/BILL #6300,Subscriptions,DEBIT,POS,,,IC0500135,-2.99,55340.16
3318,2025-05-28,2025-05-28,CITY OF SPOKANE WATER/SEWER ID:294355,Utilities,DEBIT,ACH,Spokane WA,,IC0500136,-72.00,55268.16
3318,2025-05-31,2025-05-31,CASCADE CIVIL PAYROLL ID:638581,Payroll,CREDIT,ACH,Spokane WA,,IC0500137,2701.04,57969.20
3318,2025-06-01,2025-06-01,WA DRS PENSION DIRECT DEP ID:536655,Income,CREDIT,ACH,Olympia WA,,IC0600138,1380.00,59349.20
3318,2025-06-02,2025-06-02,NETFLIX.COM #7809,Subscriptions,DEBIT,POS,,,IC0600139,-22.99,59326.21
3318,2025-06-02,2025-06-02,TRANSFER TO SAVINGS 7741,Transfer,DEBIT,XFER,,,IC0600140,-1500.00,57826.21
3318,2025-06-03,2025-06-03,SSA TREAS 310 XXSOC SEC ID:303554,Income,CREDIT,ACH,,,IC0600141,1900.00,59726.21
3318,2025-06-03,2025-06-03,THE NEW YORK TIMES #5197,Subscriptions,DEBIT,POS,,,IC0600142,-17.00,59709.21
3318,2025-06-05,2025-06-05,LAKEWOOD MTG SERVICING ID:893544,Rental,DEBIT,ACH,Coeur d'Alene ID,,IC0600143,-783.33,58925.88
3318,2025-06-07,2025-06-07,WALGREENS #4471 RX #3449,Healthcare,DEBIT,POS,Spokane WA,,IC0600144,-21.00,58904.88
3318,2025-06-08,2025-06-08,AVISTA UTILITIES BILLPAY ID:266786,Utilities,DEBIT,ACH,Spokane WA,,IC0600145,-179.00,58725.88
3318,2025-06-09,2025-06-09,CHECK,Check,DEBIT,CHECK,,2044,IC0600146,-420.00,58305.88
3318,2025-06-10,2025-06-10,TRADER JOES #182 #8588,Groceries,DEBIT,POS,Spokane WA,,IC0600147,-147.00,58158.88
3318,2025-06-11,2025-06-11,SPOTIFY USA #4288,Subscriptions,DEBIT,POS,,,IC0600148,-11.99,58146.89
3318,2025-06-12,2025-06-12,COMCAST XFINITY ID:449390,Utilities,DEBIT,ACH,,,IC0600149,-89.00,58057.89
3318,2025-06-12,2025-06-12,MOD PIZZA SPOKANE #6272,Dining,DEBIT,POS,Spokane WA,,IC0600150,-26.00,58031.89
3318,2025-06-13,2025-06-13,CHEVRON 5TH AVE #2161,Transport,DEBIT,POS,Spokane WA,,IC0600151,-58.00,57973.89
3318,2025-06-13,2025-06-13,HOME DEPOT #2706 #8468,Shopping,DEBIT,POS,,,IC0600152,-38.00,57935.89
3318,2025-06-14,2025-06-14,YOKES FRESH MARKET #3399,Groceries,DEBIT,POS,Spokane WA,,IC0600153,-163.00,57772.89
3318,2025-06-14,2025-06-14,AVISTA UTILITIES (RENTAL) ID:459409,Rental,DEBIT,ACH,Coeur d'Alene ID,,IC0600154,-180.00,57592.89
3318,2025-06-15,2025-06-15,CASCADE CIVIL PAYROLL ID:246348,Payroll,CREDIT,ACH,Spokane WA,,IC0600155,2701.04,60293.93
3318,2025-06-15,2025-06-15,GEICO AUTO INSURANCE ID:295037,Insurance,DEBIT,ACH,,,IC0600156,-138.55,60155.38
3318,2025-06-15,2025-06-15,PANERA BREAD #601 #3798,Dining,DEBIT,POS,Spokane WA,,IC0600157,-25.00,60130.38
3318,2025-06-16,2025-06-16,IRS USATAXPYMT EST 1040-ES,Taxes,DEBIT,ACH,,,IC0600158,-8094.50,52035.88
3318,2025-06-18,2025-06-18,SUMMIT PM NET RENT CDA ID:306525,Income,CREDIT,ACH,Coeur d'Alene ID,,IC0600159,1656.00,53691.88
3318,2025-06-18,2025-06-18,CHIPOTLE 1844 #3316,Dining,DEBIT,POS,Spokane WA,,IC0600160,-21.00,53670.88
3318,2025-06-20,2025-06-20,PALOUSE ENG LLP DISTRIB ID:422585,Income,CREDIT,ACH,Spokane WA,,IC0600161,4500.00,58170.88
3318,2025-06-21,2025-06-21,COSTCO GAS #0014 #3369,Transport,DEBIT,POS,Spokane WA,,IC0600162,-53.00,58117.88
3318,2025-06-23,2025-06-23,APPLE.COM/BILL #3406,Subscriptions,DEBIT,POS,,,IC0600163,-2.99,58114.89
3318,2025-06-23,2025-06-23,ROSAUERS #022 #3506,Groceries,DEBIT,POS,Spokane WA,,IC0600164,-115.00,57999.89
3318,2025-06-28,2025-06-28,CITY OF SPOKANE WATER/SEWER ID:399253,Utilities,DEBIT,ACH,Spokane WA,,IC0600165,-72.00,57927.89
3318,2025-06-30,2025-06-30,CASCADE CIVIL PAYROLL ID:127603,Payroll,CREDIT,ACH,Spokane WA,,IC0600166,2701.04,60628.93
3318,2025-07-01,2025-07-01,WA DRS PENSION DIRECT DEP ID:431353,Income,CREDIT,ACH,Olympia WA,,IC0700167,1380.00,62008.93
3318,2025-07-01,2025-07-01,SPOKANE COMM FOUNDATION GIFT ID:909991,Charity,DEBIT,ACH,Spokane WA,,IC0700168,-500.00,61508.93
3318,2025-07-02,2025-07-02,NETFLIX.COM #7346,Subscriptions,DEBIT,POS,,,IC0700169,-22.99,61485.94
3318,2025-07-02,2025-07-02,TRANSFER TO SAVINGS 7741,Transfer,DEBIT,XFER,,,IC0700170,-1500.00,59985.94
3318,2025-07-03,2025-07-03,SSA TREAS 310 XXSOC SEC ID:680717,Income,CREDIT,ACH,,,IC0700171,1900.00,61885.94
3318,2025-07-03,2025-07-03,THE NEW YORK TIMES #4420,Subscriptions,DEBIT,POS,,,IC0700172,-17.00,61868.94
3318,2025-07-05,2025-07-05,LAKEWOOD MTG SERVICING ID:191811,Rental,DEBIT,ACH,Coeur d'Alene ID,,IC0700173,-783.33,61085.61
3318,2025-07-07,2025-07-07,CASPER FRY #3372,Dining,DEBIT,POS,Spokane WA,,IC0700174,-42.00,61043.61
3318,2025-07-07,2025-07-07,WALGREENS #4471 RX #5885,Healthcare,DEBIT,POS,Spokane WA,,IC0700175,-20.00,61023.61
3318,2025-07-08,2025-07-08,AVISTA UTILITIES BILLPAY ID:501490,Utilities,DEBIT,ACH,Spokane WA,,IC0700176,-179.00,60844.61
3318,2025-07-09,2025-07-09,TRADER JOES #182 #7724,Groceries,DEBIT,POS,Spokane WA,,IC0700177,-104.00,60740.61
3318,2025-07-10,2025-07-10,MOD PIZZA SPOKANE #6585,Dining,DEBIT,POS,Spokane WA,,IC0700178,-34.00,60706.61
3318,2025-07-11,2025-07-11,SPOTIFY USA #7249,Subscriptions,DEBIT,POS,,,IC0700179,-11.99,60694.62
3318,2025-07-12,2025-07-12,COMCAST XFINITY ID:748585,Utilities,DEBIT,ACH,,,IC0700180,-89.00,60605.62
3318,2025-07-12,2025-07-12,SELKIRK STRUCTURAL ACH ID:915380,Income,CREDIT,ACH,Sandpoint ID,,IC0700181,5000.00,65605.62
3318,2025-07-14,2025-07-14,SAFEWAY #1471 #4541,Groceries,DEBIT,POS,Spokane WA,,IC0700182,-89.00,65516.62
3318,2025-07-14,2025-07-14,COSTCO GAS #0014 #1699,Transport,DEBIT,POS,Spokane WA,,IC0700183,-48.00,65468.62
3318,2025-07-14,2025-07-14,AVISTA UTILITIES (RENTAL) ID:308019,Rental,DEBIT,ACH,Coeur d'Alene ID,,IC0700184,-180.00,65288.62
3318,2025-07-15,2025-07-15,CASCADE CIVIL PAYROLL ID:283189,Payroll,CREDIT,ACH,Spokane WA,,IC0700185,2701.04,67989.66
3318,2025-07-15,2025-07-15,GEICO AUTO INSURANCE ID:284311,Insurance,DEBIT,ACH,,,IC0700186,-138.55,67851.11
3318,2025-07-18,2025-07-18,SUMMIT PM NET RENT CDA ID:692782,Income,CREDIT,ACH,Coeur d'Alene ID,,IC0700187,1656.00,69507.11
3318,2025-07-18,2025-07-18,AMAZON.COM*RT4 #5956,Shopping,DEBIT,POS,,,IC0700188,-127.00,69380.11
3318,2025-07-19,2025-07-19,ROSAUERS #022 #4334,Groceries,DEBIT,POS,Spokane WA,,IC0700189,-56.00,69324.11
3318,2025-07-23,2025-07-23,APPLE.COM/BILL #9735,Subscriptions,DEBIT,POS,,,IC0700190,-2.99,69321.12
3318,2025-07-23,2025-07-23,CHEVRON 5TH AVE #3292,Transport,DEBIT,POS,Spokane WA,,IC0700191,-49.00,69272.12
3318,2025-07-25,2025-07-25,WILD SAGE BISTRO #5841,Dining,DEBIT,POS,Spokane WA,,IC0700192,-138.00,69134.12
3318,2025-07-28,2025-07-28,CITY OF SPOKANE WATER/SEWER ID:209126,Utilities,DEBIT,ACH,Spokane WA,,IC0700193,-72.00,69062.12
3318,2025-07-31,2025-07-31,CASCADE CIVIL PAYROLL ID:244974,Payroll,CREDIT,ACH,Spokane WA,,IC0700194,2701.04,71763.16
3318,2025-08-01,2025-08-01,WA DRS PENSION DIRECT DEP ID:296871,Income,CREDIT,ACH,Olympia WA,,IC0800195,1380.00,73143.16
3318,2025-08-02,2025-08-02,NETFLIX.COM #4485,Subscriptions,DEBIT,POS,,,IC0800196,-22.99,73120.17
3318,2025-08-02,2025-08-02,TRANSFER TO SAVINGS 7741,Transfer,DEBIT,XFER,,,IC0800197,-1500.00,71620.17
3318,2025-08-02,2025-08-02,KOOTENAI COUNTY TREASURER ID:963560,Rental,DEBIT,ACH,Coeur d'Alene ID,,IC0800198,-1150.00,70470.17
3318,2025-08-03,2025-08-03,SSA TREAS 310 XXSOC SEC ID:122485,Income,CREDIT,ACH,,,IC0800199,1900.00,72370.17
3318,2025-08-03,2025-08-03,THE NEW YORK TIMES #2083,Subscriptions,DEBIT,POS,,,IC0800200,-17.00,72353.17
3318,2025-08-05,2025-08-05,LAKEWOOD MTG SERVICING ID:407523,Rental,DEBIT,ACH,Coeur d'Alene ID,,IC0800201,-783.33,71569.84
3318,2025-08-06,2025-08-06,YOKES FRESH MARKET #3758,Groceries,DEBIT,POS,Spokane WA,,IC0800202,-165.00,71404.84
3318,2025-08-07,2025-08-07,WALGREENS #4471 RX #4608,Healthcare,DEBIT,POS,Spokane WA,,IC0800203,-24.00,71380.84
3318,2025-08-08,2025-08-08,AVISTA UTILITIES BILLPAY ID:359141,Utilities,DEBIT,ACH,Spokane WA,,IC0800204,-179.00,71201.84
3318,2025-08-08,2025-08-08,HOME DEPOT #2706 #4665,Shopping,DEBIT,POS,,,IC0800205,-83.00,71118.84
3318,2025-08-09,2025-08-09,EXXON SPOKANE S HILL #2716,Transport,DEBIT,POS,Spokane WA,,IC0800206,-62.00,71056.84
3318,2025-08-09,2025-08-09,SPOKANE CO PUBLIC WORKS AP ID:590007,Income,CREDIT,ACH,Spokane WA,,IC0800207,6500.00,77556.84
3318,2025-08-10,2025-08-10,STARBUCKS #0471 #4646,Dining,DEBIT,POS,Spokane WA,,IC0800208,-9.00,77547.84
3318,2025-08-10,2025-08-10,COSTCO GAS #0014 #7078,Transport,DEBIT,POS,Spokane WA,,IC0800209,-64.00,77483.84
3318,2025-08-11,2025-08-11,SPOTIFY USA #6021,Subscriptions,DEBIT,POS,,,IC0800210,-11.99,77471.85
3318,2025-08-12,2025-08-12,COMCAST XFINITY ID:951464,Utilities,DEBIT,ACH,,,IC0800211,-89.00,77382.85
3318,2025-08-13,2025-08-13,SAFEWAY #1471 #5504,Groceries,DEBIT,POS,Spokane WA,,IC0800212,-69.00,77313.85
3318,2025-08-15,2025-08-15,CASCADE CIVIL PAYROLL ID:744209,Payroll,CREDIT,ACH,Spokane WA,,IC0800213,2701.04,80014.89
3318,2025-08-15,2025-08-15,GEICO AUTO INSURANCE ID:235468,Insurance,DEBIT,ACH,,,IC0800214,-138.55,79876.34
3318,2025-08-18,2025-08-18,SUMMIT PM NET RENT CDA ID:975022,Income,CREDIT,ACH,Coeur d'Alene ID,,IC0800215,1656.00,81532.34
3318,2025-08-18,2025-08-18,CASPER FRY #8822,Dining,DEBIT,POS,Spokane WA,,IC0800216,-90.00,81442.34
3318,2025-08-18,2025-08-18,WILD SAGE BISTRO #6752,Dining,DEBIT,POS,Spokane WA,,IC0800217,-82.00,81360.34
3318,2025-08-23,2025-08-23,APPLE.COM/BILL #7865,Subscriptions,DEBIT,POS,,,IC0800218,-2.99,81357.35
3318,2025-08-24,2025-08-24,COSTCO WHSE #0014 #8454,Groceries,DEBIT,POS,Spokane WA,,IC0800219,-287.00,81070.35
3318,2025-08-28,2025-08-28,CITY OF SPOKANE WATER/SEWER ID:793017,Utilities,DEBIT,ACH,Spokane WA,,IC0800220,-72.00,80998.35
3318,2025-08-28,2025-08-28,HOA LAKEWOOD ASSN ID:396657,Rental,DEBIT,ACH,Coeur d'Alene ID,,IC0800221,-600.00,80398.35
3318,2025-08-31,2025-08-31,CASCADE CIVIL PAYROLL ID:743690,Payroll,CREDIT,ACH,Spokane WA,,IC0800222,2701.04,83099.39
3318,2025-09-01,2025-09-01,WA DRS PENSION DIRECT DEP ID:294110,Income,CREDIT,ACH,Olympia WA,,IC0900223,1380.00,84479.39
3318,2025-09-02,2025-09-02,NETFLIX.COM #1754,Subscriptions,DEBIT,POS,,,IC0900224,-22.99,84456.40
3318,2025-09-02,2025-09-02,TRANSFER TO SAVINGS 7741,Transfer,DEBIT,XFER,,,IC0900225,-1500.00,82956.40
3318,2025-09-03,2025-09-03,SSA TREAS 310 XXSOC SEC ID:149678,Income,CREDIT,ACH,,,IC0900226,1900.00,84856.40
3318,2025-09-03,2025-09-03,THE NEW YORK TIMES #6902,Subscriptions,DEBIT,POS,,,IC0900227,-17.00,84839.40
3318,2025-09-05,2025-09-05,LAKEWOOD MTG SERVICING ID:981421,Rental,DEBIT,ACH,Coeur d'Alene ID,,IC0900228,-783.33,84056.07
3318,2025-09-07,2025-09-07,ROSAUERS #022 #3086,Groceries,DEBIT,POS,Spokane WA,,IC0900229,-80.00,83976.07
3318,2025-09-07,2025-09-07,WALGREENS #4471 RX #8432,Healthcare,DEBIT,POS,Spokane WA,,IC0900230,-50.00,83926.07
3318,2025-09-08,2025-09-08,AVISTA UTILITIES BILLPAY ID:688700,Utilities,DEBIT,ACH,Spokane WA,,IC0900231,-179.00,83747.07
3318,2025-09-09,2025-09-09,CASPER FRY #2089,Dining,DEBIT,POS,Spokane WA,,IC0900232,-46.00,83701.07
3318,2025-09-09,2025-09-09,AMAZON.COM*RT4 #1733,Shopping,DEBIT,POS,,,IC0900233,-83.00,83618.07
3318,2025-09-11,2025-09-11,SPOTIFY USA #7887,Subscriptions,DEBIT,POS,,,IC0900234,-11.99,83606.08
3318,2025-09-11,2025-09-11,TRADER JOES #182 #6842,Groceries,DEBIT,POS,Spokane WA,,IC0900235,-134.00,83472.08
3318,2025-09-11,2025-09-11,COSTCO GAS #0014 #5191,Transport,DEBIT,POS,Spokane WA,,IC0900236,-40.00,83432.08
3318,2025-09-12,2025-09-12,COMCAST XFINITY ID:240627,Utilities,DEBIT,ACH,,,IC0900237,-89.00,83343.08
3318,2025-09-15,2025-09-15,CASCADE CIVIL PAYROLL ID:541652,Payroll,CREDIT,ACH,Spokane WA,,IC0900238,2701.04,86044.12
3318,2025-09-15,2025-09-15,GEICO AUTO INSURANCE ID:811298,Insurance,DEBIT,ACH,,,IC0900239,-138.55,85905.57
3318,2025-09-15,2025-09-15,HANDYMAN SERVICES CDA #5396,Rental,DEBIT,POS,Coeur d'Alene ID,,IC0900240,-700.00,85205.57
3318,2025-09-15,2025-09-15,IRS USATAXPYMT EST 1040-ES,Taxes,DEBIT,ACH,,,IC0900241,-8094.50,77111.07
3318,2025-09-17,2025-09-17,FRED MEYER #0445 #4409,Groceries,DEBIT,POS,Spokane WA,,IC0900242,-148.00,76963.07
3318,2025-09-18,2025-09-18,SUMMIT PM NET RENT CDA ID:944352,Income,CREDIT,ACH,Coeur d'Alene ID,,IC0900243,1656.00,78619.07
3318,2025-09-18,2025-09-18,EXXON SPOKANE S HILL #6100,Transport,DEBIT,POS,Spokane WA,,IC0900244,-45.00,78574.07
3318,2025-09-20,2025-09-20,PALOUSE ENG LLP DISTRIB ID:639765,Income,CREDIT,ACH,Spokane WA,,IC0900245,4500.00,83074.07
3318,2025-09-23,2025-09-23,APPLE.COM/BILL #9247,Subscriptions,DEBIT,POS,,,IC0900246,-2.99,83071.08
3318,2025-09-24,2025-09-24,TREASURYDIRECT I BOND REDEMPTION ID:600170,Income,CREDIT,ACH,,,IC0900247,49340.00,132411.08
3318,2025-09-26,2025-09-26,CHIPOTLE 1844 #6403,Dining,DEBIT,POS,Spokane WA,,IC0900248,-22.00,132389.08
3318,2025-09-26,2025-09-26,TRANSFER TO NORTHWEST SEC,Transfer,DEBIT,XFER,,,IC0900249,-45000.00,87389.08
3318,2025-09-27,2025-09-27,PANERA BREAD #601 #4029,Dining,DEBIT,POS,Spokane WA,,IC0900250,-24.00,87365.08
3318,2025-09-28,2025-09-28,CITY OF SPOKANE WATER/SEWER ID:297443,Utilities,DEBIT,ACH,Spokane WA,,IC0900251,-72.00,87293.08
3318,2025-09-30,2025-09-30,CASCADE CIVIL PAYROLL ID:582780,Payroll,CREDIT,ACH,Spokane WA,,IC0900252,2701.04,89994.12
3318,2025-10-01,2025-10-01,WA DRS PENSION DIRECT DEP ID:528532,Income,CREDIT,ACH,Olympia WA,,IC1000253,1380.00,91374.12
3318,2025-10-01,2025-10-01,SPOKANE COMM FOUNDATION GIFT ID:212893,Charity,DEBIT,ACH,Spokane WA,,IC1000254,-500.00,90874.12
3318,2025-10-02,2025-10-02,NETFLIX.COM #9748,Subscriptions,DEBIT,POS,,,IC1000255,-22.99,90851.13
3318,2025-10-02,2025-10-02,TRANSFER TO SAVINGS 7741,Transfer,DEBIT,XFER,,,IC1000256,-1500.00,89351.13
3318,2025-10-03,2025-10-03,SSA TREAS 310 XXSOC SEC ID:724571,Income,CREDIT,ACH,,,IC1000257,1900.00,91251.13
3318,2025-10-03,2025-10-03,THE NEW YORK TIMES #7311,Subscriptions,DEBIT,POS,,,IC1000258,-17.00,91234.13
3318,2025-10-05,2025-10-05,LAKEWOOD MTG SERVICING ID:127263,Rental,DEBIT,ACH,Coeur d'Alene ID,,IC1000259,-783.33,90450.80
3318,2025-10-07,2025-10-07,WALGREENS #4471 RX #7260,Healthcare,DEBIT,POS,Spokane WA,,IC1000260,-24.00,90426.80
3318,2025-10-08,2025-10-08,AVISTA UTILITIES BILLPAY ID:944741,Utilities,DEBIT,ACH,Spokane WA,,IC1000261,-179.00,90247.80
3318,2025-10-08,2025-10-08,STARBUCKS #0471 #1265,Dining,DEBIT,POS,Spokane WA,,IC1000262,-13.00,90234.80
3318,2025-10-11,2025-10-11,SPOTIFY USA #4300,Subscriptions,DEBIT,POS,,,IC1000263,-11.99,90222.81
3318,2025-10-11,2025-10-11,EXXON SPOKANE S HILL #6781,Transport,DEBIT,POS,Spokane WA,,IC1000264,-50.00,90172.81
3318,2025-10-12,2025-10-12,COMCAST XFINITY ID:987197,Utilities,DEBIT,ACH,,,IC1000265,-89.00,90083.81
3318,2025-10-12,2025-10-12,ROSAUERS #022 #9499,Groceries,DEBIT,POS,Spokane WA,,IC1000266,-107.00,89976.81
3318,2025-10-12,2025-10-12,WILD SAGE BISTRO #7172,Dining,DEBIT,POS,Spokane WA,,IC1000267,-155.00,89821.81
3318,2025-10-12,2025-10-12,REI SPOKANE #9285,Shopping,DEBIT,POS,,,IC1000268,-162.00,89659.81
3318,2025-10-12,2025-10-12,SELKIRK STRUCTURAL ACH ID:496328,Income,CREDIT,ACH,Sandpoint ID,,IC1000269,5000.00,94659.81
3318,2025-10-14,2025-10-14,AVISTA UTILITIES (RENTAL) ID:724413,Rental,DEBIT,ACH,Coeur d'Alene ID,,IC1000270,-180.00,94479.81
3318,2025-10-15,2025-10-15,CASCADE CIVIL PAYROLL ID:821686,Payroll,CREDIT,ACH,Spokane WA,,IC1000271,2701.04,97180.85
3318,2025-10-15,2025-10-15,GEICO AUTO INSURANCE ID:340292,Insurance,DEBIT,ACH,,,IC1000272,-138.55,97042.30
3318,2025-10-18,2025-10-18,SUMMIT PM NET RENT CDA ID:671853,Income,CREDIT,ACH,Coeur d'Alene ID,,IC1000273,1656.00,98698.30
3318,2025-10-19,2025-10-19,CASPER FRY #5645,Dining,DEBIT,POS,Spokane WA,,IC1000274,-90.00,98608.30
3318,2025-10-20,2025-10-20,COSTCO WHSE #0014 #5101,Groceries,DEBIT,POS,Spokane WA,,IC1000275,-217.00,98391.30
3318,2025-10-21,2025-10-21,FRED MEYER #0445 #7104,Groceries,DEBIT,POS,Spokane WA,,IC1000276,-142.00,98249.30
3318,2025-10-22,2025-10-22,CHECK,Check,DEBIT,CHECK,,2049,IC1000277,-180.00,98069.30
3318,2025-10-23,2025-10-23,APPLE.COM/BILL #9201,Subscriptions,DEBIT,POS,,,IC1000278,-2.99,98066.31
3318,2025-10-23,2025-10-23,CHEVRON 5TH AVE #2280,Transport,DEBIT,POS,Spokane WA,,IC1000279,-40.00,98026.31
3318,2025-10-28,2025-10-28,CITY OF SPOKANE WATER/SEWER ID:379291,Utilities,DEBIT,ACH,Spokane WA,,IC1000280,-72.00,97954.31
3318,2025-10-31,2025-10-31,CASCADE CIVIL PAYROLL ID:480201,Payroll,CREDIT,ACH,Spokane WA,,IC1000281,2701.04,100655.35
3318,2025-11-01,2025-11-01,WA DRS PENSION DIRECT DEP ID:823072,Income,CREDIT,ACH,Olympia WA,,IC1100282,1380.00,102035.35
3318,2025-11-02,2025-11-02,NETFLIX.COM #7624,Subscriptions,DEBIT,POS,,,IC1100283,-22.99,102012.36
3318,2025-11-02,2025-11-02,TRANSFER TO SAVINGS 7741,Transfer,DEBIT,XFER,,,IC1100284,-1500.00,100512.36
3318,2025-11-03,2025-11-03,SSA TREAS 310 XXSOC SEC ID:110111,Income,CREDIT,ACH,,,IC1100285,1900.00,102412.36
3318,2025-11-03,2025-11-03,THE NEW YORK TIMES #4940,Subscriptions,DEBIT,POS,,,IC1100286,-17.00,102395.36
3318,2025-11-04,2025-11-04,COSTCO WHSE #0014 #4780,Groceries,DEBIT,POS,Spokane WA,,IC1100287,-165.00,102230.36
3318,2025-11-05,2025-11-05,LAKEWOOD MTG SERVICING ID:158596,Rental,DEBIT,ACH,Coeur d'Alene ID,,IC1100288,-783.33,101447.03
3318,2025-11-07,2025-11-07,WALGREENS #4471 RX #1546,Healthcare,DEBIT,POS,Spokane WA,,IC1100289,-45.00,101402.03
3318,2025-11-07,2025-11-07,NORTHWEST SEC IRA DISTRIB ID:900988,Income,CREDIT,ACH,Portland OR,,IC1100290,8280.00,109682.03
3318,2025-11-08,2025-11-08,AVISTA UTILITIES BILLPAY ID:572193,Utilities,DEBIT,ACH,Spokane WA,,IC1100291,-179.00,109503.03
3318,2025-11-09,2025-11-09,SPOKANE CO PUBLIC WORKS AP ID:775421,Income,CREDIT,ACH,Spokane WA,,IC1100292,6500.00,116003.03
3318,2025-11-10,2025-11-10,FRED MEYER #0445 #9118,Groceries,DEBIT,POS,Spokane WA,,IC1100293,-163.00,115840.03
3318,2025-11-11,2025-11-11,SPOTIFY USA #3729,Subscriptions,DEBIT,POS,,,IC1100294,-11.99,115828.04
3318,2025-11-12,2025-11-12,COMCAST XFINITY ID:612959,Utilities,DEBIT,ACH,,,IC1100295,-89.00,115739.04
3318,2025-11-15,2025-11-15,CASCADE CIVIL PAYROLL ID:924263,Payroll,CREDIT,ACH,Spokane WA,,IC1100296,2701.04,118440.08
3318,2025-11-15,2025-11-15,GEICO AUTO INSURANCE ID:399933,Insurance,DEBIT,ACH,,,IC1100297,-138.55,118301.53
3318,2025-11-16,2025-11-16,MOD PIZZA SPOKANE #3128,Dining,DEBIT,POS,Spokane WA,,IC1100298,-29.00,118272.53
3318,2025-11-18,2025-11-18,SUMMIT PM NET RENT CDA ID:114905,Income,CREDIT,ACH,Coeur d'Alene ID,,IC1100299,1656.00,119928.53
3318,2025-11-19,2025-11-19,TRADER JOES #182 #9223,Groceries,DEBIT,POS,Spokane WA,,IC1100300,-104.00,119824.53
3318,2025-11-19,2025-11-19,CASPER FRY #5433,Dining,DEBIT,POS,Spokane WA,,IC1100301,-85.00,119739.53
3318,2025-11-20,2025-11-20,WILD SAGE BISTRO #2056,Dining,DEBIT,POS,Spokane WA,,IC1100302,-94.00,119645.53
3318,2025-11-23,2025-11-23,APPLE.COM/BILL #5290,Subscriptions,DEBIT,POS,,,IC1100303,-2.99,119642.54
3318,2025-11-23,2025-11-23,HOME DEPOT #2706 #3489,Shopping,DEBIT,POS,,,IC1100304,-85.00,119557.54
3318,2025-11-24,2025-11-24,COSTCO GAS #0014 #4377,Transport,DEBIT,POS,Spokane WA,,IC1100305,-47.00,119510.54
3318,2025-11-24,2025-11-24,EXXON SPOKANE S HILL #5237,Transport,DEBIT,POS,Spokane WA,,IC1100306,-51.00,119459.54
3318,2025-11-28,2025-11-28,CITY OF SPOKANE WATER/SEWER ID:194272,Utilities,DEBIT,ACH,Spokane WA,,IC1100307,-72.00,119387.54
3318,2025-11-28,2025-11-28,HOA LAKEWOOD ASSN ID:530100,Rental,DEBIT,ACH,Coeur d'Alene ID,,IC1100308,-600.00,118787.54
3318,2025-11-30,2025-11-30,CASCADE CIVIL PAYROLL ID:429942,Payroll,CREDIT,ACH,Spokane WA,,IC1100309,2701.04,121488.58
3318,2025-12-01,2025-12-01,WA DRS PENSION DIRECT DEP ID:152268,Income,CREDIT,ACH,Olympia WA,,IC1200310,1380.00,122868.58
3318,2025-12-02,2025-12-02,NETFLIX.COM #4647,Subscriptions,DEBIT,POS,,,IC1200311,-22.99,122845.59
3318,2025-12-02,2025-12-02,TRANSFER TO SAVINGS 7741,Transfer,DEBIT,XFER,,,IC1200312,-1500.00,121345.59
3318,2025-12-03,2025-12-03,SSA TREAS 310 XXSOC SEC ID:357678,Income,CREDIT,ACH,,,IC1200313,1900.00,123245.59
3318,2025-12-03,2025-12-03,THE NEW YORK TIMES #5072,Subscriptions,DEBIT,POS,,,IC1200314,-17.00,123228.59
3318,2025-12-05,2025-12-05,LAKEWOOD MTG SERVICING ID:203850,Rental,DEBIT,ACH,Coeur d'Alene ID,,IC1200315,-783.37,122445.22
3318,2025-12-07,2025-12-07,WALGREENS #4471 RX #7051,Healthcare,DEBIT,POS,Spokane WA,,IC1200316,-44.00,122401.22
3318,2025-12-08,2025-12-08,AVISTA UTILITIES BILLPAY ID:458692,Utilities,DEBIT,ACH,Spokane WA,,IC1200317,-179.00,122222.22
3318,2025-12-09,2025-12-09,ROSAUERS #022 #8644,Groceries,DEBIT,POS,Spokane WA,,IC1200318,-111.00,122111.22
3318,2025-12-10,2025-12-10,REI SPOKANE #1739,Shopping,DEBIT,POS,,,IC1200319,-124.00,121987.22
3318,2025-12-11,2025-12-11,SPOTIFY USA #6913,Subscriptions,DEBIT,POS,,,IC1200320,-11.99,121975.23
3318,2025-12-11,2025-12-11,TRADER JOES #182 #7597,Groceries,DEBIT,POS,Spokane WA,,IC1200321,-135.00,121840.23
3318,2025-12-12,2025-12-12,COMCAST XFINITY ID:298725,Utilities,DEBIT,ACH,,,IC1200322,-89.00,121751.23
3318,2025-12-15,2025-12-15,CASCADE CIVIL PAYROLL ID:501115,Payroll,CREDIT,ACH,Spokane WA,,IC1200323,2701.04,124452.27
3318,2025-12-15,2025-12-15,GEICO AUTO INSURANCE ID:226777,Insurance,DEBIT,ACH,,,IC1200324,-138.55,124313.72
3318,2025-12-16,2025-12-16,STARBUCKS #0471 #2422,Dining,DEBIT,POS,Spokane WA,,IC1200325,-13.00,124300.72
3318,2025-12-16,2025-12-16,CHEVRON 5TH AVE #2509,Transport,DEBIT,POS,Spokane WA,,IC1200326,-58.00,124242.72
3318,2025-12-18,2025-12-18,SUMMIT PM NET RENT CDA ID:857040,Income,CREDIT,ACH,Coeur d'Alene ID,,IC1200327,1656.00,125898.72
3318,2025-12-20,2025-12-20,WILD SAGE BISTRO #2004,Dining,DEBIT,POS,Spokane WA,,IC1200328,-121.00,125777.72
3318,2025-12-20,2025-12-20,PALOUSE ENG LLP DISTRIB ID:326451,Income,CREDIT,ACH,Spokane WA,,IC1200329,4500.00,130277.72
3318,2025-12-21,2025-12-21,YOKES FRESH MARKET #5283,Groceries,DEBIT,POS,Spokane WA,,IC1200330,-151.00,130126.72
3318,2025-12-21,2025-12-21,CHECK,Check,DEBIT,CHECK,,2052,IC1200331,-136.00,129990.72
3318,2025-12-22,2025-12-22,EXXON SPOKANE S HILL #3601,Transport,DEBIT,POS,Spokane WA,,IC1200332,-66.00,129924.72
3318,2025-12-23,2025-12-23,APPLE.COM/BILL #9579,Subscriptions,DEBIT,POS,,,IC1200333,-2.99,129921.73
3318,2025-12-24,2025-12-24,CHIPOTLE 1844 #8526,Dining,DEBIT,POS,Spokane WA,,IC1200334,-34.00,129887.73
3318,2025-12-28,2025-12-28,CITY OF SPOKANE WATER/SEWER ID:737876,Utilities,DEBIT,ACH,Spokane WA,,IC1200335,-72.00,129815.73
3318,2025-12-31,2025-12-31,CASCADE CIVIL PAYROLL ID:622748,Payroll,CREDIT,ACH,Spokane WA,,IC1200336,2701.04,132516.77
3318,2025-12-31,2025-12-31,IRS USATAXPYMT EST 1040-ES,Taxes,DEBIT,ACH,,,IC1200337,-8094.50,124422.27
7741,2025-01-02,2025-01-02,TRANSFER FROM CHECKING 3318,Transfer,CREDIT,XFER,,,IC0100338,1500.00,62740.18
7741,2025-02-02,2025-02-02,TRANSFER FROM CHECKING 3318,Transfer,CREDIT,XFER,,,IC0200339,1500.00,64240.18
7741,2025-03-02,2025-03-02,TRANSFER FROM CHECKING 3318,Transfer,CREDIT,XFER,,,IC0300340,1500.00,65740.18
7741,2025-04-02,2025-04-02,TRANSFER FROM CHECKING 3318,Transfer,CREDIT,XFER,,,IC0400341,1500.00,67240.18
7741,2025-05-02,2025-05-02,TRANSFER FROM CHECKING 3318,Transfer,CREDIT,XFER,,,IC0500342,1500.00,68740.18
7741,2025-06-02,2025-06-02,TRANSFER FROM CHECKING 3318,Transfer,CREDIT,XFER,,,IC0600343,1500.00,70240.18
7741,2025-07-02,2025-07-02,TRANSFER FROM CHECKING 3318,Transfer,CREDIT,XFER,,,IC0700344,1500.00,71740.18
7741,2025-08-02,2025-08-02,TRANSFER FROM CHECKING 3318,Transfer,CREDIT,XFER,,,IC0800345,1500.00,73240.18
7741,2025-09-02,2025-09-02,TRANSFER FROM CHECKING 3318,Transfer,CREDIT,XFER,,,IC0900346,1500.00,74740.18
7741,2025-10-02,2025-10-02,TRANSFER FROM CHECKING 3318,Transfer,CREDIT,XFER,,,IC1000347,1500.00,76240.18
7741,2025-11-02,2025-11-02,TRANSFER FROM CHECKING 3318,Transfer,CREDIT,XFER,,,IC1100348,1500.00,77740.18
7741,2025-12-02,2025-12-02,TRANSFER FROM CHECKING 3318,Transfer,CREDIT,XFER,,,IC1200349,1500.00,79240.18
