posting_date,transaction_date,description,category,type,amount,running_balance,check_number,reference_id,channel
2025-01-04,2025-01-03,TATTE BAKERY #357 BROOKLINE MA,Dining,Debit,-38.84,5561.16,,POS-250104-716638,POS
2025-01-05,2025-01-05,PELOTON MEMBERSHIP,Subscription,Debit,-44.00,5517.16,,ACH-250105-522351,ACH
2025-01-05,2025-01-05,PLANET FITNESS,Subscription,Debit,-24.99,5492.17,,ACH-250105-621284,ACH
2025-01-05,2025-01-05,ADOBE CREATIVE,Subscription,Debit,-59.99,5432.18,,ACH-250105-523983,ACH
2025-01-05,2025-01-04,GOOGLE STORAGE,Miscellaneous,Debit,-79.90,5352.28,,POS-250105-314823,POS
2025-01-06,2025-01-06,BRIGHT HORIZONS DAYCARE,Childcare,Debit,-501.80,4850.48,,ACH-250106-242835,ACH
2025-01-06,2025-01-05,AMAZON #134 QUINCY MA,Shopping,Debit,-67.54,4782.94,,POS-250106-559315,POS
2025-01-06,2025-01-05,NORDSTROM RACK #121 MEDFORD MA,Shopping,Debit,-124.55,4658.39,,POS-250106-442248,POS
2025-01-07,2025-01-07,STONERIDGE PHARMA PAYROLL,Payroll,Credit,2838.90,7497.29,,ACH-250107-481357,ACH
2025-01-08,2025-01-08,CHARLES RIVER HOME LOANS MTG CR-4471902,Mortgage/Rent,Debit,-3311.76,4185.53,,ACH-250108-929637,ACH
2025-01-08,2025-01-07,STOP & SHOP #771 NEWTON MA,Groceries,Debit,-88.87,4096.66,,POS-250108-910334,POS
2025-01-08,2025-01-07,MBTA CHARLIE #907 BOSTON MA,Transit/Parking,Debit,-26.44,4070.22,,POS-250108-794475,POS
2025-01-09,2025-01-09,BMW FINANCIAL SERVICES LEASE,Auto,Debit,-612.43,3457.79,,ACH-250109-703849,ACH
2025-01-09,2025-01-09,EVERSOURCE ENERGY,Utilities,Debit,-121.42,3336.37,,ACH-250109-967945,ACH
2025-01-09,2025-01-08,STAR MARKET #801 SOMERVILLE MA,Groceries,Debit,-79.55,3256.82,,POS-250109-289653,POS
2025-01-11,2025-01-11,NATIONAL GRID GAS,Utilities,Debit,-113.15,3143.67,,ACH-250111-518734,ACH
2025-01-12,2025-01-12,BOSTON WATER & SEWER,Utilities,Debit,-44.97,3098.70,,ACH-250112-423382,ACH
2025-01-12,2025-01-12,THE WALL ST JOURNAL,Subscription,Debit,-38.99,3059.71,,ACH-250112-592158,ACH
2025-01-12,2025-01-11,BP #231 QUINCY MA,Gas/Fuel,Debit,-53.19,3006.52,,POS-250112-559704,POS
2025-01-14,2025-01-14,COMCAST XFINITY,Utilities,Debit,-89.99,2916.53,,ACH-250114-200732,ACH
2025-01-14,2025-01-13,SHAKE SHACK #868 NEWTON MA,Dining,Debit,-8.35,2908.18,,POS-250114-962901,POS
2025-01-15,2025-01-15,SPOTIFY USA,Subscription,Debit,-16.99,2891.19,,ACH-250115-978315,ACH
2025-01-15,2025-01-14,LEGAL SEA FOODS #336 MEDFORD MA,Dining,Debit,-27.34,2863.85,,POS-250115-800772,POS
2025-01-16,2025-01-16,VERIZON WIRELESS,Utilities,Debit,-148.32,2715.53,,ACH-250116-933223,ACH
2025-01-16,2025-01-15,DOORDASH #591 SOMERVILLE MA,Dining,Debit,-16.05,2699.48,,POS-250116-545968,POS
2025-01-18,2025-01-18,HARBOR POINT VISA PAYMENT,Loan/Card Pmt,Debit,-185.00,2514.48,,ACH-250118-671019,ACH
2025-01-19,2025-01-19,NETFLIX.COM,Subscription,Debit,-22.99,2491.49,,ACH-250119-896749,ACH
2025-01-21,2025-01-20,COSTCO WHOLESALE #834 QUINCY MA,Groceries,Debit,-129.29,2362.20,,POS-250121-391991,POS
2025-01-21,2025-01-20,BP #686 QUINCY MA,Gas/Fuel,Debit,-57.11,2305.09,,POS-250121-907265,POS
2025-01-22,2025-01-22,STONERIDGE PHARMA PAYROLL,Payroll,Credit,4652.83,6957.92,,ACH-250122-275180,ACH
2025-01-23,2025-01-22,SHELL #761 SOMERVILLE MA,Gas/Fuel,Debit,-55.42,6902.50,,POS-250123-499823,POS
2025-01-24,2025-01-24,SUMMIT DEBT RESOLUTION DRAFT,Loan/Card Pmt,Debit,-1433.33,5469.17,,ACH-250124-687863,ACH
2025-01-24,2025-01-23,LAZ PARKING #886 NEWTON MA,Transit/Parking,Debit,-16.53,5452.64,,POS-250124-336041,POS
2025-01-25,2025-01-25,TRANSFER TO SAVINGS 2208,Transfer,Debit,-360.00,5092.64,,XFER-250125-607886,XFER
2025-01-26,2025-01-25,TRADER JOE'S #692 NEWTON MA,Groceries,Debit,-50.02,5042.62,,POS-250126-243723,POS
2025-01-27,2025-01-26,STAR MARKET #808 SOMERVILLE MA,Groceries,Debit,-141.29,4901.33,,POS-250127-413863,POS
2025-01-27,2025-01-26,ANNA'S TAQUERIA #257 NEWTON MA,Dining,Debit,-25.44,4875.89,,POS-250127-245318,POS
2025-01-27,2025-01-26,MBTA CHARLIE #706 SOMERVILLE MA,Transit/Parking,Debit,-5.12,4870.77,,POS-250127-144031,POS
2025-02-02,2025-02-01,STOP & SHOP #283 BROOKLINE MA,Groceries,Debit,-149.33,4721.44,,POS-250202-108950,POS
2025-02-05,2025-02-05,PELOTON MEMBERSHIP,Subscription,Debit,-44.00,4677.44,,ACH-250205-163349,ACH
2025-02-05,2025-02-05,PLANET FITNESS,Subscription,Debit,-24.99,4652.45,,ACH-250205-166036,ACH
2025-02-05,2025-02-05,ADOBE CREATIVE,Subscription,Debit,-59.99,4592.46,,ACH-250205-662794,ACH
2025-02-05,2025-02-04,COSTCO WHOLESALE #468 BROOKLINE MA,Groceries,Debit,-137.73,4454.73,,POS-250205-877767,POS
2025-02-05,2025-02-04,STAR MARKET #202 CAMBRIDGE MA,Groceries,Debit,-93.81,4360.92,,POS-250205-447523,POS
2025-02-06,2025-02-06,BRIGHT HORIZONS DAYCARE,Childcare,Debit,-461.93,3898.99,,ACH-250206-765698,ACH
2025-02-07,2025-02-07,STONERIDGE PHARMA PAYROLL,Payroll,Credit,2838.90,6737.89,,ACH-250207-324141,ACH
2025-02-07,2025-02-06,MBTA CHARLIE #739 NEWTON MA,Transit/Parking,Debit,-8.84,6729.05,,POS-250207-253546,POS
2025-02-08,2025-02-08,CHARLES RIVER HOME LOANS MTG CR-4471902,Mortgage/Rent,Debit,-3311.76,3417.29,,ACH-250208-393433,ACH
2025-02-08,2025-02-07,STAR MARKET #808 MEDFORD MA,Groceries,Debit,-144.61,3272.68,,POS-250208-423344,POS
2025-02-09,2025-02-09,BMW FINANCIAL SERVICES LEASE,Auto,Debit,-612.43,2660.25,,ACH-250209-469123,ACH
2025-02-09,2025-02-09,EVERSOURCE ENERGY,Utilities,Debit,-87.81,2572.44,,ACH-250209-565701,ACH
2025-02-10,2025-02-09,SHELL #932 BROOKLINE MA,Gas/Fuel,Debit,-60.03,2512.41,,POS-250210-232593,POS
2025-02-10,2025-02-09,LAZ PARKING #223 BROOKLINE MA,Transit/Parking,Debit,-12.87,2499.54,,POS-250210-873255,POS
2025-02-11,2025-02-11,NATIONAL GRID GAS,Utilities,Debit,-112.97,2386.57,,ACH-250211-509377,ACH
2025-02-11,2025-02-10,WHOLE FOODS #678 CAMBRIDGE MA,Groceries,Debit,-98.19,2288.38,,POS-250211-624050,POS
2025-02-11,2025-02-10,FLOUR BAKERY #492 NEWTON MA,Dining,Debit,-32.64,2255.74,,POS-250211-407396,POS
2025-02-12,2025-02-12,BOSTON WATER & SEWER,Utilities,Debit,-76.59,2179.15,,ACH-250212-994423,ACH
2025-02-12,2025-02-12,THE WALL ST JOURNAL,Subscription,Debit,-38.99,2140.16,,ACH-250212-593026,ACH
2025-02-14,2025-02-14,COMCAST XFINITY,Utilities,Debit,-89.99,2050.17,,ACH-250214-606033,ACH
2025-02-14,2025-02-13,BP #966 BROOKLINE MA,Gas/Fuel,Debit,-44.41,2005.76,,POS-250214-355292,POS
2025-02-14,2025-02-13,MBTA CHARLIE #349 QUINCY MA,Transit/Parking,Debit,-22.43,1983.33,,POS-250214-985644,POS
2025-02-15,2025-02-15,SPOTIFY USA,Subscription,Debit,-16.99,1966.34,,ACH-250215-861827,ACH
2025-02-15,2025-02-14,HOME DEPOT #348 CAMBRIDGE MA,Shopping,Debit,-140.41,1825.93,,POS-250215-884139,POS
2025-02-16,2025-02-16,VERIZON WIRELESS,Utilities,Debit,-148.32,1677.61,,ACH-250216-945243,ACH
2025-02-16,2025-02-15,DUNKIN #836 MEDFORD MA,Dining,Debit,-21.88,1655.73,,POS-250216-783270,POS
2025-02-17,2025-02-16,SHAKE SHACK #391 QUINCY MA,Dining,Debit,-23.34,1632.39,,POS-250217-470316,POS
2025-02-17,2025-02-16,HOME DEPOT #902 MEDFORD MA,Shopping,Debit,-73.89,1558.50,,POS-250217-616293,POS
2025-02-18,2025-02-18,HARBOR POINT VISA PAYMENT,Loan/Card Pmt,Debit,-185.00,1373.50,,ACH-250218-917028,ACH
2025-02-19,2025-02-19,NETFLIX.COM,Subscription,Debit,-22.99,1350.51,,ACH-250219-953849,ACH
2025-02-20,2025-02-19,SWEETGREEN #269 QUINCY MA,Dining,Debit,-30.87,1319.64,,POS-250220-416402,POS
2025-02-20,2025-02-19,DUNKIN #426 BROOKLINE MA,Dining,Debit,-17.50,1302.14,,POS-250220-312143,POS
2025-02-22,2025-02-22,STONERIDGE PHARMA PAYROLL,Payroll,Credit,5635.37,6937.51,,ACH-250222-391524,ACH
2025-02-23,2025-02-22,GULF #263 MEDFORD MA,Gas/Fuel,Debit,-35.19,6902.32,,POS-250223-757755,POS
2025-02-23,2025-02-22,APPLE.COM/BILL,Miscellaneous,Debit,-65.63,6836.69,,POS-250223-626061,POS
2025-02-24,2025-02-24,SUMMIT DEBT RESOLUTION DRAFT,Loan/Card Pmt,Debit,-1433.33,5403.36,,ACH-250224-285178,ACH
2025-02-25,2025-02-25,TRANSFER TO SAVINGS 2208,Transfer,Debit,-360.00,5043.36,,XFER-250225-600868,XFER
2025-03-03,2025-03-02,ZARA #318 BROOKLINE MA,Shopping,Debit,-147.01,4896.35,,POS-250303-696125,POS
2025-03-04,2025-03-04,ZELLE TRANSFER,Miscellaneous,Debit,-50.36,4845.99,,XFER-250304-341552,XFER
2025-03-05,2025-03-05,PELOTON MEMBERSHIP,Subscription,Debit,-44.00,4801.99,,ACH-250305-484560,ACH
2025-03-05,2025-03-05,PLANET FITNESS,Subscription,Debit,-24.99,4777.00,,ACH-250305-636028,ACH
2025-03-05,2025-03-05,ADOBE CREATIVE,Subscription,Debit,-59.99,4717.01,,ACH-250305-624316,ACH
2025-03-06,2025-03-06,BRIGHT HORIZONS DAYCARE,Childcare,Debit,-465.41,4251.60,,ACH-250306-172590,ACH
2025-03-07,2025-03-07,STONERIDGE PHARMA PAYROLL,Payroll,Credit,2838.90,7090.50,,ACH-250307-997519,ACH
2025-03-07,2025-03-06,STOP & SHOP #494 BOSTON MA,Groceries,Debit,-72.17,7018.33,,POS-250307-571777,POS
2025-03-08,2025-03-08,CHARLES RIVER HOME LOANS MTG CR-4471902,Mortgage/Rent,Debit,-3311.76,3706.57,,ACH-250308-442027,ACH
2025-03-09,2025-03-09,BMW FINANCIAL SERVICES LEASE,Auto,Debit,-612.43,3094.14,,ACH-250309-493476,ACH
2025-03-09,2025-03-09,EVERSOURCE ENERGY,Utilities,Debit,-113.71,2980.43,,ACH-250309-709523,ACH
2025-03-09,2025-03-08,STAR MARKET #857 NEWTON MA,Groceries,Debit,-111.06,2869.37,,POS-250309-864837,POS
2025-03-10,2025-03-09,SHAKE SHACK #304 QUINCY MA,Dining,Debit,-24.95,2844.42,,POS-250310-726790,POS
2025-03-11,2025-03-11,NATIONAL GRID GAS,Utilities,Debit,-126.26,2718.16,,ACH-250311-532220,ACH
2025-03-11,2025-03-10,WHOLE FOODS #725 CAMBRIDGE MA,Groceries,Debit,-118.63,2599.53,,POS-250311-347319,POS
2025-03-11,2025-03-10,DOORDASH #541 BOSTON MA,Dining,Debit,-37.86,2561.67,,POS-250311-703459,POS
2025-03-11,2025-03-10,TATTE BAKERY #824 CAMBRIDGE MA,Dining,Debit,-11.04,2550.63,,POS-250311-307325,POS
2025-03-11,2025-03-10,GULF #115 SOMERVILLE MA,Gas/Fuel,Debit,-63.51,2487.12,,POS-250311-778053,POS
2025-03-12,2025-03-12,BOSTON WATER & SEWER,Utilities,Debit,-59.34,2427.78,,ACH-250312-144799,ACH
2025-03-12,2025-03-12,THE WALL ST JOURNAL,Subscription,Debit,-38.99,2388.79,,ACH-250312-548561,ACH
2025-03-14,2025-03-14,COMCAST XFINITY,Utilities,Debit,-89.99,2298.80,,ACH-250314-217388,ACH
2025-03-14,2025-03-13,GULF #757 QUINCY MA,Gas/Fuel,Debit,-60.73,2238.07,,POS-250314-555737,POS
2025-03-15,2025-03-15,SPOTIFY USA,Subscription,Debit,-16.99,2221.08,,ACH-250315-528318,ACH
2025-03-15,2025-03-14,LEGAL SEA FOODS #903 SOMERVILLE MA,Dining,Debit,-10.02,2211.06,,POS-250315-901797,POS
2025-03-16,2025-03-16,VERIZON WIRELESS,Utilities,Debit,-148.32,2062.74,,ACH-250316-371314,ACH
2025-03-16,2025-03-15,BEST BUY #543 SOMERVILLE MA,Shopping,Debit,-145.63,1917.11,,POS-250316-597591,POS
2025-03-16,2025-03-15,UBER #182 BROOKLINE MA,Transit/Parking,Debit,-27.87,1889.24,,POS-250316-462309,POS
2025-03-18,2025-03-18,HARBOR POINT VISA PAYMENT,Loan/Card Pmt,Debit,-185.00,1704.24,,ACH-250318-806823,ACH
2025-03-19,2025-03-19,NETFLIX.COM,Subscription,Debit,-22.99,1681.25,,ACH-250319-784821,ACH
2025-03-19,2025-03-18,BP #517 CAMBRIDGE MA,Gas/Fuel,Debit,-32.57,1648.68,,POS-250319-653879,POS
2025-03-20,2025-03-19,WHOLE FOODS #954 SOMERVILLE MA,Groceries,Debit,-48.37,1600.31,,POS-250320-470515,POS
2025-03-21,2025-03-20,FLOUR BAKERY #926 CAMBRIDGE MA,Dining,Debit,-20.29,1580.02,,POS-250321-272459,POS
2025-03-22,2025-03-22,STONERIDGE PHARMA PAYROLL,Payroll,Credit,4992.95,6572.97,,ACH-250322-829564,ACH
2025-03-24,2025-03-24,SUMMIT DEBT RESOLUTION DRAFT,Loan/Card Pmt,Debit,-1433.33,5139.64,,ACH-250324-182266,ACH
2025-03-25,2025-03-25,TRANSFER TO SAVINGS 2208,Transfer,Debit,-360.00,4779.64,,XFER-250325-869423,XFER
2025-03-26,2025-03-25,STOP & SHOP #258 QUINCY MA,Groceries,Debit,-77.47,4702.17,,POS-250326-691650,POS
2025-03-26,2025-03-25,LYFT #681 CAMBRIDGE MA,Transit/Parking,Debit,-23.00,4679.17,,POS-250326-960802,POS
2025-03-27,2025-03-26,LAZ PARKING #778 SOMERVILLE MA,Transit/Parking,Debit,-28.21,4650.96,,POS-250327-816825,POS
2025-04-02,2025-04-01,STAR MARKET #516 MEDFORD MA,Groceries,Debit,-101.14,4549.82,,POS-250402-967318,POS
2025-04-02,2025-04-01,GULF #499 BOSTON MA,Gas/Fuel,Debit,-34.01,4515.81,,POS-250402-251595,POS
2025-04-03,2025-04-02,TATTE BAKERY #336 BROOKLINE MA,Dining,Debit,-17.70,4498.11,,POS-250403-767563,POS
2025-04-04,2025-04-03,CVS PHARMACY #134 SOMERVILLE MA,Shopping,Debit,-141.46,4356.65,,POS-250404-879415,POS
2025-04-04,2025-04-03,VENMO PAYMENT,Miscellaneous,Debit,-71.09,4285.56,,POS-250404-819193,POS
2025-04-05,2025-04-05,PELOTON MEMBERSHIP,Subscription,Debit,-44.00,4241.56,,ACH-250405-136942,ACH
2025-04-05,2025-04-05,PLANET FITNESS,Subscription,Debit,-24.99,4216.57,,ACH-250405-410256,ACH
2025-04-05,2025-04-05,ADOBE CREATIVE,Subscription,Debit,-59.99,4156.58,,ACH-250405-265782,ACH
2025-04-06,2025-04-06,BRIGHT HORIZONS DAYCARE,Childcare,Debit,-436.38,3720.20,,ACH-250406-967393,ACH
2025-04-07,2025-04-07,STONERIDGE PHARMA PAYROLL,Payroll,Credit,2838.90,6559.10,,ACH-250407-425519,ACH
2025-04-08,2025-04-08,CHARLES RIVER HOME LOANS MTG CR-4471902,Mortgage/Rent,Debit,-3311.76,3247.34,,ACH-250408-449485,ACH
2025-04-09,2025-04-09,BMW FINANCIAL SERVICES LEASE,Auto,Debit,-612.43,2634.91,,ACH-250409-277751,ACH
2025-04-09,2025-04-09,EVERSOURCE ENERGY,Utilities,Debit,-141.16,2493.75,,ACH-250409-821327,ACH
2025-04-10,2025-04-09,FLOUR BAKERY #122 NEWTON MA,Dining,Debit,-32.99,2460.76,,POS-250410-360435,POS
2025-04-11,2025-04-11,NATIONAL GRID GAS,Utilities,Debit,-111.60,2349.16,,ACH-250411-333853,ACH
2025-04-11,2025-04-10,WHOLE FOODS #419 MEDFORD MA,Groceries,Debit,-117.56,2231.60,,POS-250411-475879,POS
2025-04-11,2025-04-10,STAR MARKET #651 NEWTON MA,Groceries,Debit,-110.85,2120.75,,POS-250411-397066,POS
2025-04-11,2025-04-10,COSTCO WHOLESALE #586 BOSTON MA,Groceries,Debit,-79.54,2041.21,,POS-250411-571418,POS
2025-04-12,2025-04-12,BOSTON WATER & SEWER,Utilities,Debit,-50.49,1990.72,,ACH-250412-159278,ACH
2025-04-12,2025-04-12,THE WALL ST JOURNAL,Subscription,Debit,-38.99,1951.73,,ACH-250412-563941,ACH
2025-04-14,2025-04-14,COMCAST XFINITY,Utilities,Debit,-89.99,1861.74,,ACH-250414-496130,ACH
2025-04-14,2025-04-13,UBER #778 NEWTON MA,Transit/Parking,Debit,-8.99,1852.75,,POS-250414-534955,POS
2025-04-15,2025-04-15,SPOTIFY USA,Subscription,Debit,-16.99,1835.76,,ACH-250415-382701,ACH
2025-04-16,2025-04-16,VERIZON WIRELESS,Utilities,Debit,-148.32,1687.44,,ACH-250416-141652,ACH
2025-04-16,2025-04-15,CVS PHARMACY #324 MEDFORD MA,Shopping,Debit,-43.63,1643.81,,POS-250416-953684,POS
2025-04-17,2025-04-16,SWEETGREEN #331 NEWTON MA,Dining,Debit,-17.70,1626.11,,POS-250417-872513,POS
2025-04-18,2025-04-18,HARBOR POINT VISA PAYMENT,Loan/Card Pmt,Debit,-185.00,1441.11,,ACH-250418-969422,ACH
2025-04-19,2025-04-19,NETFLIX.COM,Subscription,Debit,-22.99,1418.12,,ACH-250419-492567,ACH
2025-04-20,2025-04-19,STAR MARKET #732 QUINCY MA,Groceries,Debit,-102.04,1316.08,,POS-250420-718293,POS
2025-04-22,2025-04-22,STONERIDGE PHARMA PAYROLL,Payroll,Credit,5824.33,7140.41,,ACH-250422-686100,ACH
2025-04-22,2025-04-21,SHAKE SHACK #925 BROOKLINE MA,Dining,Debit,-41.30,7099.11,,POS-250422-835826,POS
2025-04-22,2025-04-21,LEGAL SEA FOODS #881 BOSTON MA,Dining,Debit,-38.27,7060.84,,POS-250422-896440,POS
2025-04-23,2025-04-22,LYFT #974 BOSTON MA,Transit/Parking,Debit,-19.14,7041.70,,POS-250423-126867,POS
2025-04-24,2025-04-24,SUMMIT DEBT RESOLUTION DRAFT,Loan/Card Pmt,Debit,-1433.33,5608.37,,ACH-250424-468108,ACH
2025-04-24,2025-04-23,BP #290 BOSTON MA,Gas/Fuel,Debit,-49.92,5558.45,,POS-250424-563168,POS
2025-04-24,2025-04-23,LAZ PARKING #295 SOMERVILLE MA,Transit/Parking,Debit,-16.59,5541.86,,POS-250424-999848,POS
2025-04-25,2025-04-25,TRANSFER TO SAVINGS 2208,Transfer,Debit,-360.00,5181.86,,XFER-250425-906268,XFER
2025-04-27,2025-04-26,SHELL #672 BOSTON MA,Gas/Fuel,Debit,-60.22,5121.64,,POS-250427-600868,POS
2025-05-03,2025-05-02,COSTCO WHOLESALE #724 SOMERVILLE MA,Groceries,Debit,-110.44,5011.20,,POS-250503-126793,POS
2025-05-03,2025-05-02,BOSTON PARKING CLERK #688 NEWTON MA,Transit/Parking,Debit,-8.60,5002.60,,POS-250503-483253,POS
2025-05-04,2025-05-03,ANNA'S TAQUERIA #939 BROOKLINE MA,Dining,Debit,-32.84,4969.76,,POS-250504-224705,POS
2025-05-05,2025-05-05,PELOTON MEMBERSHIP,Subscription,Debit,-44.00,4925.76,,ACH-250505-322414,ACH
2025-05-05,2025-05-05,PLANET FITNESS,Subscription,Debit,-24.99,4900.77,,ACH-250505-555502,ACH
2025-05-05,2025-05-05,ADOBE CREATIVE,Subscription,Debit,-59.99,4840.78,,ACH-250505-133665,ACH
2025-05-06,2025-05-06,BRIGHT HORIZONS DAYCARE,Childcare,Debit,-476.83,4363.95,,ACH-250506-118239,ACH
2025-05-06,2025-05-05,NORDSTROM RACK #643 CAMBRIDGE MA,Shopping,Debit,-74.80,4289.15,,POS-250506-426669,POS
2025-05-07,2025-05-07,STONERIDGE PHARMA PAYROLL,Payroll,Credit,2838.90,7128.05,,ACH-250507-821867,ACH
2025-05-08,2025-05-08,CHARLES RIVER HOME LOANS MTG CR-4471902,Mortgage/Rent,Debit,-3311.76,3816.29,,ACH-250508-258794,ACH
2025-05-09,2025-05-09,BMW FINANCIAL SERVICES LEASE,Auto,Debit,-612.43,3203.86,,ACH-250509-424456,ACH
2025-05-09,2025-05-09,EVERSOURCE ENERGY,Utilities,Debit,-139.09,3064.77,,ACH-250509-203067,ACH
2025-05-09,2025-05-08,MBTA CHARLIE #585 SOMERVILLE MA,Transit/Parking,Debit,-4.14,3060.63,,POS-250509-193981,POS
2025-05-10,2025-05-09,SHELL #200 QUINCY MA,Gas/Fuel,Debit,-31.71,3028.92,,POS-250510-927962,POS
2025-05-11,2025-05-11,NATIONAL GRID GAS,Utilities,Debit,-100.13,2928.79,,ACH-250511-748032,ACH
2025-05-11,2025-05-10,SHELL #447 SOMERVILLE MA,Gas/Fuel,Debit,-43.10,2885.69,,POS-250511-399112,POS
2025-05-11,2025-05-10,LAZ PARKING #718 BROOKLINE MA,Transit/Parking,Debit,-23.72,2861.97,,POS-250511-901897,POS
2025-05-12,2025-05-12,BOSTON WATER & SEWER,Utilities,Debit,-70.47,2791.50,,ACH-250512-791265,ACH
2025-05-12,2025-05-12,THE WALL ST JOURNAL,Subscription,Debit,-38.99,2752.51,,ACH-250512-368009,ACH
2025-05-12,2025-05-11,COSTCO WHOLESALE #991 SOMERVILLE MA,Groceries,Debit,-67.53,2684.98,,POS-250512-499631,POS
2025-05-12,2025-05-11,ZARA #857 QUINCY MA,Shopping,Debit,-20.90,2664.08,,POS-250512-987401,POS
2025-05-13,2025-05-12,SHAKE SHACK #162 QUINCY MA,Dining,Debit,-36.29,2627.79,,POS-250513-565189,POS
2025-05-14,2025-05-14,COMCAST XFINITY,Utilities,Debit,-89.99,2537.80,,ACH-250514-300290,ACH
2025-05-15,2025-05-15,SPOTIFY USA,Subscription,Debit,-16.99,2520.81,,ACH-250515-831611,ACH
2025-05-16,2025-05-16,VERIZON WIRELESS,Utilities,Debit,-148.32,2372.49,,ACH-250516-230266,ACH
2025-05-18,2025-05-18,HARBOR POINT VISA PAYMENT,Loan/Card Pmt,Debit,-185.00,2187.49,,ACH-250518-592198,ACH
2025-05-19,2025-05-19,NETFLIX.COM,Subscription,Debit,-22.99,2164.50,,ACH-250519-858619,ACH
2025-05-19,2025-05-18,STOP & SHOP #707 CAMBRIDGE MA,Groceries,Debit,-95.42,2069.08,,POS-250519-375852,POS
2025-05-19,2025-05-18,TRADER JOE'S #698 BOSTON MA,Groceries,Debit,-76.51,1992.57,,POS-250519-936178,POS
2025-05-19,2025-05-18,VENMO PAYMENT,Miscellaneous,Debit,-73.28,1919.29,,POS-250519-780888,POS
2025-05-21,2025-05-20,SHAKE SHACK #933 NEWTON MA,Dining,Debit,-16.47,1902.82,,POS-250521-492038,POS
2025-05-22,2025-05-22,STONERIDGE PHARMA PAYROLL,Payroll,Credit,5257.47,7160.29,,ACH-250522-100529,ACH
2025-05-22,2025-05-21,SHELL #784 SOMERVILLE MA,Gas/Fuel,Debit,-63.68,7096.61,,POS-250522-886980,POS
2025-05-23,2025-05-22,UBER EATS #651 CAMBRIDGE MA,Dining,Debit,-32.72,7063.89,,POS-250523-107530,POS
2025-05-24,2025-05-24,SUMMIT DEBT RESOLUTION DRAFT,Loan/Card Pmt,Debit,-1433.33,5630.56,,ACH-250524-166874,ACH
2025-05-25,2025-05-25,TRANSFER TO SAVINGS 2208,Transfer,Debit,-360.00,5270.56,,XFER-250525-946393,XFER
2025-05-26,2025-05-25,COSTCO WHOLESALE #969 QUINCY MA,Groceries,Debit,-138.25,5132.31,,POS-250526-734550,POS
2025-05-26,2025-05-25,ANNA'S TAQUERIA #713 CAMBRIDGE MA,Dining,Debit,-11.06,5121.25,,POS-250526-448334,POS
2025-06-03,2025-06-02,LEGAL SEA FOODS #164 NEWTON MA,Dining,Debit,-18.43,5102.82,,POS-250603-931548,POS
2025-06-04,2025-06-03,SWEETGREEN #841 MEDFORD MA,Dining,Debit,-18.70,5084.12,,POS-250604-518816,POS
2025-06-04,2025-06-03,BOSTON PARKING CLERK #559 BOSTON MA,Transit/Parking,Debit,-18.22,5065.90,,POS-250604-164859,POS
2025-06-05,2025-06-05,PELOTON MEMBERSHIP,Subscription,Debit,-44.00,5021.90,,ACH-250605-436727,ACH
2025-06-05,2025-06-05,PLANET FITNESS,Subscription,Debit,-24.99,4996.91,,ACH-250605-682195,ACH
2025-06-05,2025-06-05,ADOBE CREATIVE,Subscription,Debit,-59.99,4936.92,,ACH-250605-910136,ACH
2025-06-05,2025-06-04,TRADER JOE'S #325 QUINCY MA,Groceries,Debit,-66.76,4870.16,,POS-250605-753799,POS
2025-06-05,2025-06-04,DUNKIN #295 BROOKLINE MA,Dining,Debit,-25.20,4844.96,,POS-250605-845049,POS
2025-06-06,2025-06-06,BRIGHT HORIZONS DAYCARE,Childcare,Debit,-464.28,4380.68,,ACH-250606-997131,ACH
2025-06-06,2025-06-05,TRADER JOE'S #886 BROOKLINE MA,Groceries,Debit,-81.29,4299.39,,POS-250606-609639,POS
2025-06-06,2025-06-05,TRADER JOE'S #137 BROOKLINE MA,Groceries,Debit,-136.73,4162.66,,POS-250606-207603,POS
2025-06-07,2025-06-07,STONERIDGE PHARMA PAYROLL,Payroll,Credit,2838.90,7001.56,,ACH-250607-297985,ACH
2025-06-07,2025-06-06,GULF #938 SOMERVILLE MA,Gas/Fuel,Debit,-60.01,6941.55,,POS-250607-444153,POS
2025-06-08,2025-06-08,CHARLES RIVER HOME LOANS MTG CR-4471902,Mortgage/Rent,Debit,-3311.76,3629.79,,ACH-250608-899930,ACH
2025-06-09,2025-06-09,BMW FINANCIAL SERVICES LEASE,Auto,Debit,-612.43,3017.36,,ACH-250609-665519,ACH
2025-06-09,2025-06-09,EVERSOURCE ENERGY,Utilities,Debit,-162.47,2854.89,,ACH-250609-499358,ACH
2025-06-10,2025-06-09,DUNKIN #111 SOMERVILLE MA,Dining,Debit,-32.00,2822.89,,POS-250610-548534,POS
2025-06-11,2025-06-11,NATIONAL GRID GAS,Utilities,Debit,-84.37,2738.52,,ACH-250611-991043,ACH
2025-06-12,2025-06-12,BOSTON WATER & SEWER,Utilities,Debit,-44.97,2693.55,,ACH-250612-148088,ACH
2025-06-12,2025-06-12,THE WALL ST JOURNAL,Subscription,Debit,-38.99,2654.56,,ACH-250612-499745,ACH
2025-06-12,2025-06-11,STOP & SHOP #335 SOMERVILLE MA,Groceries,Debit,-94.18,2560.38,,POS-250612-498744,POS
2025-06-13,2025-06-12,SHELL #800 BROOKLINE MA,Gas/Fuel,Debit,-48.48,2511.90,,POS-250613-191784,POS
2025-06-14,2025-06-14,COMCAST XFINITY,Utilities,Debit,-89.99,2421.91,,ACH-250614-959463,ACH
2025-06-15,2025-06-15,SPOTIFY USA,Subscription,Debit,-16.99,2404.92,,ACH-250615-851589,ACH
2025-06-15,2025-06-14,CHIPOTLE #687 SOMERVILLE MA,Dining,Debit,-9.01,2395.91,,POS-250615-859419,POS
2025-06-16,2025-06-16,VERIZON WIRELESS,Utilities,Debit,-148.32,2247.59,,ACH-250616-919883,ACH
2025-06-18,2025-06-18,HARBOR POINT VISA PAYMENT,Loan/Card Pmt,Debit,-185.00,2062.59,,ACH-250618-115431,ACH
2025-06-19,2025-06-19,NETFLIX.COM,Subscription,Debit,-22.99,2039.60,,ACH-250619-523743,ACH
2025-06-19,2025-06-18,MOBIL #402 BROOKLINE MA,Gas/Fuel,Debit,-62.11,1977.49,,POS-250619-699483,POS
2025-06-19,2025-06-18,MBTA CHARLIE #271 BROOKLINE MA,Transit/Parking,Debit,-29.26,1948.23,,POS-250619-233784,POS
2025-06-21,2025-06-20,ZARA #557 BOSTON MA,Shopping,Debit,-118.15,1830.08,,POS-250621-352264,POS
2025-06-22,2025-06-22,STONERIDGE PHARMA PAYROLL,Payroll,Credit,4803.99,6634.07,,ACH-250622-460266,ACH
2025-06-23,2025-06-22,WHOLE FOODS #395 BOSTON MA,Groceries,Debit,-93.49,6540.58,,POS-250623-195210,POS
2025-06-23,2025-06-22,TARGET #202 NEWTON MA,Shopping,Debit,-76.97,6463.61,,POS-250623-365265,POS
2025-06-24,2025-06-24,SUMMIT DEBT RESOLUTION DRAFT,Loan/Card Pmt,Debit,-1433.33,5030.28,,ACH-250624-521078,ACH
2025-06-25,2025-06-24,MBTA CHARLIE #266 NEWTON MA,Transit/Parking,Debit,-28.79,5001.49,,POS-250625-787745,POS
2025-06-25,2025-06-25,ZELLE TRANSFER,Miscellaneous,Debit,-26.11,4975.38,,XFER-250625-749562,XFER
2025-06-25,2025-06-25,TRANSFER TO SAVINGS 2208,Transfer,Debit,-360.00,4615.38,,XFER-250625-214472,XFER
2025-07-02,2025-07-01,TATTE BAKERY #407 BROOKLINE MA,Dining,Debit,-15.46,4599.92,,POS-250702-718892,POS
2025-07-02,2025-07-01,VENMO PAYMENT,Miscellaneous,Debit,-103.60,4496.32,,POS-250702-516254,POS
2025-07-04,2025-07-03,AMAZON #434 BROOKLINE MA,Shopping,Debit,-127.57,4368.75,,POS-250704-361843,POS
2025-07-05,2025-07-05,PELOTON MEMBERSHIP,Subscription,Debit,-44.00,4324.75,,ACH-250705-562744,ACH
2025-07-05,2025-07-05,PLANET FITNESS,Subscription,Debit,-24.99,4299.76,,ACH-250705-675402,ACH
2025-07-05,2025-07-05,ADOBE CREATIVE,Subscription,Debit,-59.99,4239.77,,ACH-250705-868105,ACH
2025-07-05,2025-07-04,STAR MARKET #817 BOSTON MA,Groceries,Debit,-127.89,4111.88,,POS-250705-718434,POS
2025-07-06,2025-07-06,BRIGHT HORIZONS DAYCARE,Childcare,Debit,-518.27,3593.61,,ACH-250706-181804,ACH
2025-07-06,2025-07-05,SWEETGREEN #770 NEWTON MA,Dining,Debit,-28.83,3564.78,,POS-250706-253936,POS
2025-07-07,2025-07-07,STONERIDGE PHARMA PAYROLL,Payroll,Credit,2838.90,6403.68,,ACH-250707-653546,ACH
2025-07-07,2025-07-06,SHELL #183 NEWTON MA,Gas/Fuel,Debit,-44.72,6358.96,,POS-250707-203383,POS
2025-07-08,2025-07-08,CHARLES RIVER HOME LOANS MTG CR-4471902,Mortgage/Rent,Debit,-3311.76,3047.20,,ACH-250708-974513,ACH
2025-07-08,2025-07-07,STOP & SHOP #368 CAMBRIDGE MA,Groceries,Debit,-87.79,2959.41,,POS-250708-990295,POS
2025-07-08,2025-07-07,LYFT #935 MEDFORD MA,Transit/Parking,Debit,-7.79,2951.62,,POS-250708-432910,POS
2025-07-09,2025-07-09,BMW FINANCIAL SERVICES LEASE,Auto,Debit,-612.43,2339.19,,ACH-250709-782341,ACH
2025-07-09,2025-07-09,EVERSOURCE ENERGY,Utilities,Debit,-144.38,2194.81,,ACH-250709-245948,ACH
2025-07-09,2025-07-08,BOSTON PARKING CLERK #388 NEWTON MA,Transit/Parking,Debit,-9.16,2185.65,,POS-250709-190059,POS
2025-07-11,2025-07-11,NATIONAL GRID GAS,Utilities,Debit,-41.74,2143.91,,ACH-250711-249525,ACH
2025-07-11,2025-07-10,SWEETGREEN #440 BOSTON MA,Dining,Debit,-16.19,2127.72,,POS-250711-445712,POS
2025-07-11,2025-07-10,MOBIL #991 CAMBRIDGE MA,Gas/Fuel,Debit,-34.59,2093.13,,POS-250711-824638,POS
2025-07-11,2025-07-10,BOSTON PARKING CLERK #369 MEDFORD MA,Transit/Parking,Debit,-8.83,2084.30,,POS-250711-651045,POS
2025-07-12,2025-07-12,BOSTON WATER & SEWER,Utilities,Debit,-57.36,2026.94,,ACH-250712-949066,ACH
2025-07-12,2025-07-12,THE WALL ST JOURNAL,Subscription,Debit,-38.99,1987.95,,ACH-250712-553519,ACH
2025-07-13,2025-07-12,CHIPOTLE #662 QUINCY MA,Dining,Debit,-19.88,1968.07,,POS-250713-707209,POS
2025-07-14,2025-07-14,COMCAST XFINITY,Utilities,Debit,-89.99,1878.08,,ACH-250714-410360,ACH
2025-07-15,2025-07-15,SPOTIFY USA,Subscription,Debit,-16.99,1861.09,,ACH-250715-547047,ACH
2025-07-15,2025-07-14,WHOLE FOODS #871 BOSTON MA,Groceries,Debit,-91.81,1769.28,,POS-250715-952582,POS
2025-07-16,2025-07-16,VERIZON WIRELESS,Utilities,Debit,-148.32,1620.96,,ACH-250716-198421,ACH
2025-07-18,2025-07-18,HARBOR POINT VISA PAYMENT,Loan/Card Pmt,Debit,-185.00,1435.96,,ACH-250718-307005,ACH
2025-07-19,2025-07-19,NETFLIX.COM,Subscription,Debit,-22.99,1412.97,,ACH-250719-212984,ACH
2025-07-19,2025-07-18,TRADER JOE'S #704 SOMERVILLE MA,Groceries,Debit,-116.51,1296.46,,POS-250719-303471,POS
2025-07-20,2025-07-19,COSTCO WHOLESALE #205 BROOKLINE MA,Groceries,Debit,-90.06,1206.40,,POS-250720-178031,POS
2025-07-21,2025-07-20,CHIPOTLE #476 NEWTON MA,Dining,Debit,-26.45,1179.95,,POS-250721-974929,POS
2025-07-21,2025-07-20,UNIQLO #737 BROOKLINE MA,Shopping,Debit,-102.26,1077.69,,POS-250721-862290,POS
2025-07-22,2025-07-22,STONERIDGE PHARMA PAYROLL,Payroll,Credit,5748.75,6826.44,,ACH-250722-308997,ACH
2025-07-24,2025-07-24,SUMMIT DEBT RESOLUTION DRAFT,Loan/Card Pmt,Debit,-1433.33,5393.11,,ACH-250724-803939,ACH
2025-07-25,2025-07-25,TRANSFER TO SAVINGS 2208,Transfer,Debit,-360.00,5033.11,,XFER-250725-375101,XFER
2025-07-26,2025-07-25,GULF #589 CAMBRIDGE MA,Gas/Fuel,Debit,-39.20,4993.91,,POS-250726-766650,POS
2025-08-02,2025-08-01,WHOLE FOODS #663 QUINCY MA,Groceries,Debit,-92.63,4901.28,,POS-250802-623994,POS
2025-08-05,2025-08-05,PELOTON MEMBERSHIP,Subscription,Debit,-44.00,4857.28,,ACH-250805-866135,ACH
2025-08-05,2025-08-05,PLANET FITNESS,Subscription,Debit,-24.99,4832.29,,ACH-250805-308956,ACH
2025-08-05,2025-08-05,ADOBE CREATIVE,Subscription,Debit,-59.99,4772.30,,ACH-250805-113906,ACH
2025-08-05,2025-08-04,DUNKIN #163 BROOKLINE MA,Dining,Debit,-27.86,4744.44,,POS-250805-568899,POS
2025-08-06,2025-08-06,BRIGHT HORIZONS DAYCARE,Childcare,Debit,-436.17,4308.27,,ACH-250806-107608,ACH
2025-08-07,2025-08-07,STONERIDGE PHARMA PAYROLL,Payroll,Credit,2838.90,7147.17,,ACH-250807-314531,ACH
2025-08-07,2025-08-06,STOP & SHOP #376 MEDFORD MA,Groceries,Debit,-71.95,7075.22,,POS-250807-139069,POS
2025-08-08,2025-08-08,CHARLES RIVER HOME LOANS MTG CR-4471902,Mortgage/Rent,Debit,-3311.76,3763.46,,ACH-250808-527974,ACH
2025-08-08,2025-08-07,LYFT #188 SOMERVILLE MA,Transit/Parking,Debit,-20.29,3743.17,,POS-250808-467322,POS
2025-08-09,2025-08-09,BMW FINANCIAL SERVICES LEASE,Auto,Debit,-612.43,3130.74,,ACH-250809-395557,ACH
2025-08-09,2025-08-09,EVERSOURCE ENERGY,Utilities,Debit,-162.39,2968.35,,ACH-250809-391054,ACH
2025-08-11,2025-08-11,NATIONAL GRID GAS,Utilities,Debit,-117.76,2850.59,,ACH-250811-780594,ACH
2025-08-12,2025-08-12,BOSTON WATER & SEWER,Utilities,Debit,-55.77,2794.82,,ACH-250812-353973,ACH
2025-08-12,2025-08-12,THE WALL ST JOURNAL,Subscription,Debit,-38.99,2755.83,,ACH-250812-181617,ACH
2025-08-12,2025-08-11,LYFT #693 QUINCY MA,Transit/Parking,Debit,-7.08,2748.75,,POS-250812-223340,POS
2025-08-13,2025-08-12,BP #873 QUINCY MA,Gas/Fuel,Debit,-37.51,2711.24,,POS-250813-620205,POS
2025-08-14,2025-08-14,COMCAST XFINITY,Utilities,Debit,-89.99,2621.25,,ACH-250814-550941,ACH
2025-08-15,2025-08-15,SPOTIFY USA,Subscription,Debit,-16.99,2604.26,,ACH-250815-643229,ACH
2025-08-16,2025-08-16,VERIZON WIRELESS,Utilities,Debit,-148.32,2455.94,,ACH-250816-141403,ACH
2025-08-18,2025-08-18,HARBOR POINT VISA PAYMENT,Loan/Card Pmt,Debit,-185.00,2270.94,,ACH-250818-296812,ACH
2025-08-18,2025-08-17,CVS PHARMACY #983 QUINCY MA,Shopping,Debit,-58.04,2212.90,,POS-250818-721435,POS
2025-08-19,2025-08-19,NETFLIX.COM,Subscription,Debit,-22.99,2189.91,,ACH-250819-939319,ACH
2025-08-20,2025-08-20,TRANSFER FROM SAVINGS 2208,Transfer,Credit,1000.00,3189.91,,XFER-250820-624007,XFER
2025-08-21,2025-08-20,GULF #968 NEWTON MA,Gas/Fuel,Debit,-63.31,3126.60,,POS-250821-167330,POS
2025-08-22,2025-08-22,STONERIDGE PHARMA PAYROLL,Payroll,Credit,5030.73,8157.33,,ACH-250822-388878,ACH
2025-08-22,2025-08-21,STOP & SHOP #859 MEDFORD MA,Groceries,Debit,-75.73,8081.60,,POS-250822-825888,POS
2025-08-22,2025-08-21,MOBIL #406 SOMERVILLE MA,Gas/Fuel,Debit,-38.95,8042.65,,POS-250822-153415,POS
2025-08-23,2025-08-22,STAR MARKET #551 NEWTON MA,Groceries,Debit,-45.05,7997.60,,POS-250823-125565,POS
2025-08-23,2025-08-22,ANNA'S TAQUERIA #214 NEWTON MA,Dining,Debit,-21.24,7976.36,,POS-250823-415469,POS
2025-08-24,2025-08-24,SUMMIT DEBT RESOLUTION DRAFT,Loan/Card Pmt,Debit,-1433.33,6543.03,,ACH-250824-543232,ACH
2025-08-25,2025-08-24,TATTE BAKERY #737 MEDFORD MA,Dining,Debit,-19.14,6523.89,,POS-250825-528698,POS
2025-08-25,2025-08-24,LEGAL SEA FOODS #322 SOMERVILLE MA,Dining,Debit,-31.44,6492.45,,POS-250825-517141,POS
2025-08-25,2025-08-24,UNIQLO #833 MEDFORD MA,Shopping,Debit,-113.92,6378.53,,POS-250825-318509,POS
2025-08-25,2025-08-24,GOOGLE STORAGE,Miscellaneous,Debit,-21.25,6357.28,,POS-250825-918515,POS
2025-08-25,2025-08-25,TRANSFER TO SAVINGS 2208,Transfer,Debit,-360.00,5997.28,,XFER-250825-721377,XFER
2025-08-27,2025-08-26,TRADER JOE'S #280 QUINCY MA,Groceries,Debit,-59.76,5937.52,,POS-250827-870044,POS
2025-08-27,2025-08-26,SHAKE SHACK #277 CAMBRIDGE MA,Dining,Debit,-15.46,5922.06,,POS-250827-521722,POS
2025-08-27,2025-08-26,UBER #772 MEDFORD MA,Transit/Parking,Debit,-24.97,5897.09,,POS-250827-147177,POS
2025-09-05,2025-09-05,PELOTON MEMBERSHIP,Subscription,Debit,-44.00,5853.09,,ACH-250905-630132,ACH
2025-09-05,2025-09-05,PLANET FITNESS,Subscription,Debit,-24.99,5828.10,,ACH-250905-363685,ACH
2025-09-05,2025-09-05,ADOBE CREATIVE,Subscription,Debit,-59.99,5768.11,,ACH-250905-278826,ACH
2025-09-05,2025-09-04,MBTA CHARLIE #184 QUINCY MA,Transit/Parking,Debit,-26.35,5741.76,,POS-250905-514454,POS
2025-09-06,2025-09-06,BRIGHT HORIZONS DAYCARE,Childcare,Debit,-504.91,5236.85,,ACH-250906-519864,ACH
2025-09-06,2025-09-05,SWEETGREEN #159 CAMBRIDGE MA,Dining,Debit,-26.70,5210.15,,POS-250906-656701,POS
2025-09-06,2025-09-05,SWEETGREEN #289 CAMBRIDGE MA,Dining,Debit,-36.99,5173.16,,POS-250906-307421,POS
2025-09-07,2025-09-07,STONERIDGE PHARMA PAYROLL,Payroll,Credit,2838.90,8012.06,,ACH-250907-920157,ACH
2025-09-08,2025-09-08,CHARLES RIVER HOME LOANS MTG CR-4471902,Mortgage/Rent,Debit,-3311.76,4700.30,,ACH-250908-733466,ACH
2025-09-08,2025-09-07,SHELL #694 NEWTON MA,Gas/Fuel,Debit,-35.76,4664.54,,POS-250908-692907,POS
2025-09-09,2025-09-09,BMW FINANCIAL SERVICES LEASE,Auto,Debit,-612.43,4052.11,,ACH-250909-935677,ACH
2025-09-09,2025-09-09,EVERSOURCE ENERGY,Utilities,Debit,-123.00,3929.11,,ACH-250909-249087,ACH
2025-09-10,2025-09-09,STOP & SHOP #640 CAMBRIDGE MA,Groceries,Debit,-58.39,3870.72,,POS-250910-955358,POS
2025-09-10,2025-09-09,TATTE BAKERY #221 NEWTON MA,Dining,Debit,-17.02,3853.70,,POS-250910-400000,POS
2025-09-11,2025-09-11,NATIONAL GRID GAS,Utilities,Debit,-90.72,3762.98,,ACH-250911-145833,ACH
2025-09-11,2025-09-10,COSTCO WHOLESALE #802 BOSTON MA,Groceries,Debit,-91.65,3671.33,,POS-250911-975761,POS
2025-09-12,2025-09-12,BOSTON WATER & SEWER,Utilities,Debit,-62.72,3608.61,,ACH-250912-708817,ACH
2025-09-12,2025-09-12,THE WALL ST JOURNAL,Subscription,Debit,-38.99,3569.62,,ACH-250912-170381,ACH
2025-09-12,2025-09-11,HOME DEPOT #988 BROOKLINE MA,Shopping,Debit,-133.98,3435.64,,POS-250912-989265,POS
2025-09-12,2025-09-11,MBTA CHARLIE #875 CAMBRIDGE MA,Transit/Parking,Debit,-5.80,3429.84,,POS-250912-464839,POS
2025-09-14,2025-09-14,COMCAST XFINITY,Utilities,Debit,-89.99,3339.85,,ACH-250914-501971,ACH
2025-09-15,2025-09-15,SPOTIFY USA,Subscription,Debit,-16.99,3322.86,,ACH-250915-846097,ACH
2025-09-16,2025-09-16,VERIZON WIRELESS,Utilities,Debit,-148.32,3174.54,,ACH-250916-997441,ACH
2025-09-16,2025-09-15,HOME DEPOT #930 BOSTON MA,Shopping,Debit,-133.12,3041.42,,POS-250916-184302,POS
2025-09-18,2025-09-18,HARBOR POINT VISA PAYMENT,Loan/Card Pmt,Debit,-185.00,2856.42,,ACH-250918-770276,ACH
2025-09-18,2025-09-17,STAR MARKET #840 QUINCY MA,Groceries,Debit,-122.20,2734.22,,POS-250918-934595,POS
2025-09-18,2025-09-17,DUNKIN #387 MEDFORD MA,Dining,Debit,-13.20,2721.02,,POS-250918-192915,POS
2025-09-19,2025-09-19,NETFLIX.COM,Subscription,Debit,-22.99,2698.03,,ACH-250919-364462,ACH
2025-09-20,2025-09-19,STAR MARKET #264 QUINCY MA,Groceries,Debit,-80.34,2617.69,,POS-250920-670523,POS
2025-09-20,2025-09-19,SHELL #406 MEDFORD MA,Gas/Fuel,Debit,-41.03,2576.66,,POS-250920-510700,POS
2025-09-21,2025-09-20,TATTE BAKERY #251 MEDFORD MA,Dining,Debit,-16.55,2560.11,,POS-250921-496419,POS
2025-09-22,2025-09-22,STONERIDGE PHARMA PAYROLL,Payroll,Credit,4577.25,7137.36,,ACH-250922-258487,ACH
2025-09-23,2025-09-22,SHELL #839 BROOKLINE MA,Gas/Fuel,Debit,-36.16,7101.20,,POS-250923-436269,POS
2025-09-24,2025-09-24,SUMMIT DEBT RESOLUTION DRAFT,Loan/Card Pmt,Debit,-1433.36,5667.84,,ACH-250924-339039,ACH
2025-09-24,2025-09-24,ZELLE TRANSFER,Miscellaneous,Debit,-69.35,5598.49,,XFER-250924-213296,XFER
2025-09-25,2025-09-24,TRADER JOE'S #878 QUINCY MA,Groceries,Debit,-49.89,5548.60,,POS-250925-949194,POS
2025-09-25,2025-09-24,UBER #102 NEWTON MA,Transit/Parking,Debit,-20.40,5528.20,,POS-250925-624398,POS
2025-09-25,2025-09-25,TRANSFER TO SAVINGS 2208,Transfer,Debit,-360.00,5168.20,,XFER-250925-289135,XFER
2025-10-02,2025-10-01,TARGET #192 SOMERVILLE MA,Shopping,Debit,-77.31,5090.89,,POS-251002-758118,POS
2025-10-03,2025-10-02,LEGAL SEA FOODS #140 BROOKLINE MA,Dining,Debit,-35.14,5055.75,,POS-251003-488793,POS
2025-10-03,2025-10-02,MBTA CHARLIE #430 MEDFORD MA,Transit/Parking,Debit,-21.95,5033.80,,POS-251003-741773,POS
2025-10-05,2025-10-05,PELOTON MEMBERSHIP,Subscription,Debit,-44.00,4989.80,,ACH-251005-999455,ACH
2025-10-05,2025-10-05,PLANET FITNESS,Subscription,Debit,-24.99,4964.81,,ACH-251005-207838,ACH
2025-10-05,2025-10-05,ADOBE CREATIVE,Subscription,Debit,-59.99,4904.82,,ACH-251005-354554,ACH
2025-10-05,2025-10-04,DUNKIN #745 SOMERVILLE MA,Dining,Debit,-19.68,4885.14,,POS-251005-959886,POS
2025-10-06,2025-10-06,BRIGHT HORIZONS DAYCARE,Childcare,Debit,-516.81,4368.33,,ACH-251006-739414,ACH
2025-10-06,2025-10-05,STAR MARKET #930 CAMBRIDGE MA,Groceries,Debit,-107.95,4260.38,,POS-251006-461016,POS
2025-10-06,2025-10-05,SWEETGREEN #579 BOSTON MA,Dining,Debit,-41.88,4218.50,,POS-251006-511537,POS
2025-10-07,2025-10-07,STONERIDGE PHARMA PAYROLL,Payroll,Credit,2838.90,7057.40,,ACH-251007-944189,ACH
2025-10-08,2025-10-08,CHARLES RIVER HOME LOANS MTG CR-4471902,Mortgage/Rent,Debit,-3311.76,3745.64,,ACH-251008-176677,ACH
2025-10-08,2025-10-07,APPLE.COM/BILL,Miscellaneous,Debit,-38.77,3706.87,,POS-251008-369316,POS
2025-10-09,2025-10-09,BMW FINANCIAL SERVICES LEASE,Auto,Debit,-612.43,3094.44,,ACH-251009-729548,ACH
2025-10-09,2025-10-09,EVERSOURCE ENERGY,Utilities,Debit,-102.96,2991.48,,ACH-251009-547310,ACH
2025-10-10,2025-10-09,COSTCO WHOLESALE #701 BROOKLINE MA,Groceries,Debit,-56.74,2934.74,,POS-251010-825178,POS
2025-10-11,2025-10-11,NATIONAL GRID GAS,Utilities,Debit,-60.25,2874.49,,ACH-251011-672765,ACH
2025-10-11,2025-10-10,STOP & SHOP #925 BROOKLINE MA,Groceries,Debit,-63.16,2811.33,,POS-251011-299745,POS
2025-10-12,2025-10-12,BOSTON WATER & SEWER,Utilities,Debit,-45.99,2765.34,,ACH-251012-773795,ACH
2025-10-12,2025-10-12,THE WALL ST JOURNAL,Subscription,Debit,-38.99,2726.35,,ACH-251012-397592,ACH
2025-10-14,2025-10-14,COMCAST XFINITY,Utilities,Debit,-89.99,2636.36,,ACH-251014-419885,ACH
2025-10-14,2025-10-13,GULF #881 QUINCY MA,Gas/Fuel,Debit,-39.94,2596.42,,POS-251014-812848,POS
2025-10-15,2025-10-15,SPOTIFY USA,Subscription,Debit,-16.99,2579.43,,ACH-251015-595580,ACH
2025-10-15,2025-10-15,TRANSFER FROM SAVINGS 2208,Transfer,Credit,2700.00,5279.43,,XFER-251015-646946,XFER
2025-10-16,2025-10-16,VERIZON WIRELESS,Utilities,Debit,-148.32,5131.11,,ACH-251016-803262,ACH
2025-10-18,2025-10-18,HARBOR POINT VISA PAYMENT,Loan/Card Pmt,Debit,-185.00,4946.11,,ACH-251018-924136,ACH
2025-10-19,2025-10-19,NETFLIX.COM,Subscription,Debit,-22.99,4923.12,,ACH-251019-549959,ACH
2025-10-19,2025-10-18,GULF #934 QUINCY MA,Gas/Fuel,Debit,-49.11,4874.01,,POS-251019-310208,POS
2025-10-20,2025-10-19,MOBIL #120 MEDFORD MA,Gas/Fuel,Debit,-49.20,4824.81,,POS-251020-859118,POS
2025-10-22,2025-10-22,STONERIDGE PHARMA PAYROLL,Payroll,Credit,5144.11,9968.92,,ACH-251022-114200,ACH
2025-10-22,2025-10-21,TARGET #366 MEDFORD MA,Shopping,Debit,-68.66,9900.26,,POS-251022-195414,POS
2025-10-22,2025-10-21,UBER #946 BROOKLINE MA,Transit/Parking,Debit,-4.07,9896.19,,POS-251022-536341,POS
2025-10-25,2025-10-24,COSTCO WHOLESALE #156 SOMERVILLE MA,Groceries,Debit,-113.17,9783.02,,POS-251025-606944,POS
2025-10-25,2025-10-24,MBTA CHARLIE #965 SOMERVILLE MA,Transit/Parking,Debit,-7.78,9775.24,,POS-251025-611712,POS
2025-10-25,2025-10-25,TRANSFER TO SAVINGS 2208,Transfer,Debit,-360.00,9415.24,,XFER-251025-558057,XFER
2025-10-26,2025-10-25,CHIPOTLE #586 QUINCY MA,Dining,Debit,-15.19,9400.05,,POS-251026-944291,POS
2025-10-27,2025-10-26,STAR MARKET #385 MEDFORD MA,Groceries,Debit,-92.04,9308.01,,POS-251027-660336,POS
2025-10-27,2025-10-26,ANNA'S TAQUERIA #577 BROOKLINE MA,Dining,Debit,-28.57,9279.44,,POS-251027-627861,POS
2025-11-02,2025-11-01,TATTE BAKERY #175 QUINCY MA,Dining,Debit,-39.08,9240.36,,POS-251102-625829,POS
2025-11-03,2025-11-02,COSTCO WHOLESALE #895 MEDFORD MA,Groceries,Debit,-70.15,9170.21,,POS-251103-164531,POS
2025-11-03,2025-11-02,ANNA'S TAQUERIA #429 CAMBRIDGE MA,Dining,Debit,-21.77,9148.44,,POS-251103-555568,POS
2025-11-03,2025-11-02,FLOUR BAKERY #880 NEWTON MA,Dining,Debit,-28.02,9120.42,,POS-251103-689256,POS
2025-11-04,2025-11-03,COSTCO WHOLESALE #957 QUINCY MA,Groceries,Debit,-70.70,9049.72,,POS-251104-278936,POS
2025-11-05,2025-11-05,PELOTON MEMBERSHIP,Subscription,Debit,-44.00,9005.72,,ACH-251105-742279,ACH
2025-11-05,2025-11-05,PLANET FITNESS,Subscription,Debit,-24.99,8980.73,,ACH-251105-159836,ACH
2025-11-05,2025-11-05,ADOBE CREATIVE,Subscription,Debit,-59.99,8920.74,,ACH-251105-407944,ACH
2025-11-05,2025-11-04,LAZ PARKING #209 MEDFORD MA,Transit/Parking,Debit,-4.02,8916.72,,POS-251105-879111,POS
2025-11-06,2025-11-06,BRIGHT HORIZONS DAYCARE,Childcare,Debit,-480.70,8436.02,,ACH-251106-980253,ACH
2025-11-06,2025-11-05,UBER #464 QUINCY MA,Transit/Parking,Debit,-20.34,8415.68,,POS-251106-270468,POS
2025-11-07,2025-11-07,STONERIDGE PHARMA PAYROLL,Payroll,Credit,2838.90,11254.58,,ACH-251107-269116,ACH
2025-11-08,2025-11-08,CHARLES RIVER HOME LOANS MTG CR-4471902,Mortgage/Rent,Debit,-3311.76,7942.82,,ACH-251108-152112,ACH
2025-11-08,2025-11-07,ZARA #899 SOMERVILLE MA,Shopping,Debit,-141.42,7801.40,,POS-251108-727195,POS
2025-11-09,2025-11-09,BMW FINANCIAL SERVICES LEASE,Auto,Debit,-612.43,7188.97,,ACH-251109-889486,ACH
2025-11-09,2025-11-09,EVERSOURCE ENERGY,Utilities,Debit,-153.97,7035.00,,ACH-251109-464886,ACH
2025-11-11,2025-11-11,NATIONAL GRID GAS,Utilities,Debit,-41.05,6993.95,,ACH-251111-234844,ACH
2025-11-11,2025-11-10,STOP & SHOP #392 SOMERVILLE MA,Groceries,Debit,-77.80,6916.15,,POS-251111-542633,POS
2025-11-12,2025-11-12,BOSTON WATER & SEWER,Utilities,Debit,-74.16,6841.99,,ACH-251112-677205,ACH
2025-11-12,2025-11-12,THE WALL ST JOURNAL,Subscription,Debit,-38.99,6803.00,,ACH-251112-775780,ACH
2025-11-12,2025-11-11,BOSTON CHILDREN'S HOSPITAL #879 BROOKLINE MA,Healthcare,Debit,-1420.00,5383.00,,POS-251112-220451,POS
2025-11-14,2025-11-14,COMCAST XFINITY,Utilities,Debit,-89.99,5293.01,,ACH-251114-148772,ACH
2025-11-15,2025-11-15,SPOTIFY USA,Subscription,Debit,-16.99,5276.02,,ACH-251115-282939,ACH
2025-11-16,2025-11-16,VERIZON WIRELESS,Utilities,Debit,-148.32,5127.70,,ACH-251116-850786,ACH
2025-11-16,2025-11-15,AMAZON #833 BROOKLINE MA,Shopping,Debit,-39.79,5087.91,,POS-251116-437557,POS
2025-11-18,2025-11-18,HARBOR POINT VISA PAYMENT,Loan/Card Pmt,Debit,-185.00,4902.91,,ACH-251118-706856,ACH
2025-11-18,2025-11-17,FLOUR BAKERY #272 BROOKLINE MA,Dining,Debit,-11.90,4891.01,,POS-251118-959362,POS
2025-11-18,2025-11-17,SHELL #519 SOMERVILLE MA,Gas/Fuel,Debit,-37.29,4853.72,,POS-251118-330065,POS
2025-11-19,2025-11-19,NETFLIX.COM,Subscription,Debit,-22.99,4830.73,,ACH-251119-289430,ACH
2025-11-19,2025-11-18,STOP & SHOP #840 QUINCY MA,Groceries,Debit,-108.69,4722.04,,POS-251119-707974,POS
2025-11-19,2025-11-19,EUROPEAN MOTORWERKS REPAIR,Auto,Debit,-1780.00,2942.04,,ACH-251119-525002,ACH
2025-11-21,2025-11-20,BP #818 CAMBRIDGE MA,Gas/Fuel,Debit,-42.37,2899.67,,POS-251121-884515,POS
2025-11-22,2025-11-22,STONERIDGE PHARMA PAYROLL,Payroll,Credit,5333.05,8232.72,,ACH-251122-667922,ACH
2025-11-22,2025-11-21,TATTE BAKERY #486 MEDFORD MA,Dining,Debit,-13.82,8218.90,,POS-251122-411035,POS
2025-11-23,2025-11-22,UBER #997 SOMERVILLE MA,Transit/Parking,Debit,-15.49,8203.41,,POS-251123-344235,POS
2025-11-25,2025-11-24,STOP & SHOP #577 CAMBRIDGE MA,Groceries,Debit,-105.64,8097.77,,POS-251125-364057,POS
2025-11-25,2025-11-25,TRANSFER TO SAVINGS 2208,Transfer,Debit,-360.00,7737.77,,XFER-251125-393840,XFER
2025-11-26,2025-11-25,GULF #474 BOSTON MA,Gas/Fuel,Debit,-37.02,7700.75,,POS-251126-227877,POS
2025-11-27,2025-11-26,APPLE.COM/BILL,Miscellaneous,Debit,-24.80,7675.95,,POS-251127-805826,POS
2025-12-05,2025-12-05,PELOTON MEMBERSHIP,Subscription,Debit,-44.00,7631.95,,ACH-251205-722245,ACH
2025-12-05,2025-12-05,PLANET FITNESS,Subscription,Debit,-24.99,7606.96,,ACH-251205-225564,ACH
2025-12-05,2025-12-05,ADOBE CREATIVE,Subscription,Debit,-59.99,7546.97,,ACH-251205-158498,ACH
2025-12-06,2025-12-06,BRIGHT HORIZONS DAYCARE,Childcare,Debit,-455.08,7091.89,,ACH-251206-237931,ACH
2025-12-07,2025-12-07,STONERIDGE PHARMA PAYROLL,Payroll,Credit,2838.90,9930.79,,ACH-251207-890392,ACH
2025-12-07,2025-12-06,STOP & SHOP #804 CAMBRIDGE MA,Groceries,Debit,-93.18,9837.61,,POS-251207-780369,POS
2025-12-07,2025-12-06,WHOLE FOODS #241 QUINCY MA,Groceries,Debit,-149.96,9687.65,,POS-251207-625586,POS
2025-12-07,2025-12-06,BOSTON PARKING CLERK #831 BOSTON MA,Transit/Parking,Debit,-23.68,9663.97,,POS-251207-647037,POS
2025-12-08,2025-12-08,CHARLES RIVER HOME LOANS MTG CR-4471902,Mortgage/Rent,Debit,-3311.76,6352.21,,ACH-251208-633225,ACH
2025-12-08,2025-12-07,DELTA AIR LINES #775 BROOKLINE MA,Travel,Debit,-620.40,5731.81,,POS-251208-208679,POS
2025-12-09,2025-12-09,BMW FINANCIAL SERVICES LEASE,Auto,Debit,-612.43,5119.38,,ACH-251209-228741,ACH
2025-12-09,2025-12-09,EVERSOURCE ENERGY,Utilities,Debit,-109.18,5010.20,,ACH-251209-601282,ACH
2025-12-11,2025-12-11,NATIONAL GRID GAS,Utilities,Debit,-69.64,4940.56,,ACH-251211-733363,ACH
2025-12-11,2025-12-10,COSTCO WHOLESALE #307 CAMBRIDGE MA,Groceries,Debit,-146.61,4793.95,,POS-251211-546827,POS
2025-12-12,2025-12-12,BOSTON WATER & SEWER,Utilities,Debit,-51.63,4742.32,,ACH-251212-648474,ACH
2025-12-12,2025-12-12,THE WALL ST JOURNAL,Subscription,Debit,-38.99,4703.33,,ACH-251212-422808,ACH
2025-12-12,2025-12-11,UBER EATS #445 BROOKLINE MA,Dining,Debit,-36.37,4666.96,,POS-251212-162623,POS
2025-12-12,2025-12-11,AMAZON #179 MEDFORD MA,Shopping,Debit,-341.18,4325.78,,POS-251212-736680,POS
2025-12-13,2025-12-12,SHAKE SHACK #802 BROOKLINE MA,Dining,Debit,-38.64,4287.14,,POS-251213-686922,POS
2025-12-13,2025-12-12,VENMO PAYMENT,Miscellaneous,Debit,-78.80,4208.34,,POS-251213-749833,POS
2025-12-14,2025-12-14,COMCAST XFINITY,Utilities,Debit,-89.99,4118.35,,ACH-251214-155082,ACH
2025-12-14,2025-12-13,MOBIL #351 MEDFORD MA,Gas/Fuel,Debit,-37.93,4080.42,,POS-251214-106395,POS
2025-12-15,2025-12-15,SPOTIFY USA,Subscription,Debit,-16.99,4063.43,,ACH-251215-601060,ACH
2025-12-15,2025-12-14,NORDSTROM #223 NEWTON MA,Shopping,Debit,-410.75,3652.68,,POS-251215-657305,POS
2025-12-16,2025-12-16,VERIZON WIRELESS,Utilities,Debit,-148.32,3504.36,,ACH-251216-422221,ACH
2025-12-16,2025-12-15,SHAKE SHACK #254 NEWTON MA,Dining,Debit,-23.96,3480.40,,POS-251216-403094,POS
2025-12-16,2025-12-15,ZARA #777 MEDFORD MA,Shopping,Debit,-87.69,3392.71,,POS-251216-260333,POS
2025-12-17,2025-12-16,ANNA'S TAQUERIA #477 BOSTON MA,Dining,Debit,-14.27,3378.44,,POS-251217-632761,POS
2025-12-17,2025-12-16,BOSTON PARKING CLERK #576 CAMBRIDGE MA,Transit/Parking,Debit,-11.44,3367.00,,POS-251217-349459,POS
2025-12-18,2025-12-18,HARBOR POINT VISA PAYMENT,Loan/Card Pmt,Debit,-185.00,3182.00,,ACH-251218-125681,ACH
2025-12-18,2025-12-17,TRADER JOE'S #493 NEWTON MA,Groceries,Debit,-106.44,3075.56,,POS-251218-591854,POS
2025-12-18,2025-12-17,BP #151 BROOKLINE MA,Gas/Fuel,Debit,-37.90,3037.66,,POS-251218-657151,POS
2025-12-18,2025-12-17,ZARA #563 CAMBRIDGE MA,Shopping,Debit,-103.39,2934.27,,POS-251218-457111,POS
2025-12-19,2025-12-19,NETFLIX.COM,Subscription,Debit,-22.99,2911.28,,ACH-251219-437774,ACH
2025-12-19,2025-12-18,TARGET #661 CAMBRIDGE MA,Shopping,Debit,-228.63,2682.65,,POS-251219-245270,POS
2025-12-20,2025-12-19,SHAKE SHACK #833 SOMERVILLE MA,Dining,Debit,-11.49,2671.16,,POS-251220-727785,POS
2025-12-22,2025-12-22,STONERIDGE PHARMA PAYROLL,Payroll,Credit,4274.77,6945.93,,ACH-251222-298559,ACH
2025-12-23,2025-12-22,TRADER JOE'S #230 BOSTON MA,Groceries,Debit,-103.46,6842.47,,POS-251223-267190,POS
2025-12-25,2025-12-25,TRANSFER TO SAVINGS 2208,Transfer,Debit,-360.00,6482.47,,XFER-251225-405420,XFER
2025-12-26,2025-12-25,UBER #760 BOSTON MA,Transit/Parking,Debit,-14.90,6467.57,,POS-251226-926639,POS
2025-12-27,2025-12-26,BP #746 QUINCY MA,Gas/Fuel,Debit,-52.21,6415.36,,POS-251227-345456,POS
