posting_date,transaction_date,description,merchant_category,type,amount,running_balance,check_number,reference_id,channel
2025-01-03,2025-01-03,MERCHANT BANKCARD DEP — CLOVER TULLY BATCH 452082,Card settlement,CREDIT,14597.82,165927.23,,79077287458,DEPOSIT
2025-01-05,2025-01-05,CHECK — RENT 1885 Tully Rd — TRAN QUOC DUNG,Rent,DEBIT,-2000.00,163927.23,4101,39139047286,CHECK
2025-01-05,2025-01-05,CHECK — RENT 1885 Tully Rd — VO KIM OANH,Rent,DEBIT,-2000.00,161927.23,4102,88275188767,CHECK
2025-01-05,2025-01-05,CHECK — RENT 2402 Story Rd — TRAN QUOC DUNG,Rent,DEBIT,-2000.00,159927.23,4103,94267269415,CHECK
2025-01-05,2025-01-05,CHECK — RENT 2402 Story Rd — VO KIM OANH,Rent,DEBIT,-2000.00,157927.23,4104,11292641566,CHECK
2025-01-05,2025-01-05,CHECK — RENT 1190 McLaughlin Ave — TRAN QUOC DUNG,Rent,DEBIT,-2000.00,155927.23,4105,81143727473,CHECK
2025-01-05,2025-01-05,CHECK — RENT 1190 McLaughlin Ave — VO KIM OANH,Rent,DEBIT,-2000.00,153927.23,4106,70402807242,CHECK
2025-01-07,2025-01-07,MERCHANT BANKCARD DEP — CLOVER STORY BATCH 408263,Card settlement,CREDIT,19648.46,173575.69,,88733369720,DEPOSIT
2025-01-09,2025-01-09,ACH — SUNRISE BEAUTY SUPPLY  DISTRIBUTOR INV,Supplies,DEBIT,-12708.33,160867.36,,69422115520,ACH
2025-01-11,2025-01-11,MERCHANT BANKCARD DEP — CLOVER MCLAUGHLIN BATCH 427000,Card settlement,CREDIT,15029.87,175897.23,,30388872912,DEPOSIT
2025-01-12,2025-01-12,ACH PMT — PACIFIC CREST COMMUNITY BANK LOAN XXXXXX7744,Loan payment,DEBIT,-782.65,175114.58,,11722832531,ACH
2025-01-14,2025-01-14,MERCHANT BANKCARD DEP — CLOVER TULLY BATCH 474341,Card settlement,CREDIT,11465.90,186580.48,,98934021249,DEPOSIT
2025-01-15,2025-01-15,ACH — PAYROLL  JADE LOTUS  NET WAGES,Payroll,DEBIT,-22750.00,163830.48,,17414486658,ACH
2025-01-17,2025-01-17,MERCHANT BANKCARD DEP — CLOVER STORY BATCH 470726,Card settlement,CREDIT,11191.23,175021.71,,60340353397,DEPOSIT
2025-01-18,2025-01-18,ACH — EFTPS / EDD PAYROLL TAX DEPOSIT,Taxes,DEBIT,-22500.00,152521.71,,98807147704,ACH
2025-01-20,2025-01-20,ACH/CARD — PG&E UTILITIES,Utilities,DEBIT,-1033.00,151488.71,,53458952976,ACH
2025-01-20,2025-01-20,ACH/CARD — SAN JOSE WATER,Utilities,DEBIT,-420.00,151068.71,,34031591039,ACH
2025-01-20,2025-01-20,ACH/CARD — STATE FARM COMMERCIAL INS,Insurance,DEBIT,-575.00,150493.71,,22201054877,ACH
2025-01-20,2025-01-20,ACH/CARD — META ADS / GOOGLE ADS,Advertising,DEBIT,-780.00,149713.71,,50096205403,ACH
2025-01-20,2025-01-20,ACH/CARD — COMCAST BUSINESS INTERNET,Utilities,DEBIT,-289.00,149424.71,,80699842878,ACH
2025-01-20,2025-01-20,ACH/CARD — MERCHANT CARD FEES — CLOVER,Bank fees,DEBIT,-404.00,149020.71,,85229010854,ACH
2025-01-20,2025-01-20,ACH/CARD — CITYWIDE JANITORIAL SVC,Services,DEBIT,-154.00,148866.71,,48829921820,ACH
2025-01-20,2025-01-20,ACH/CARD — ABC EQUIPMENT REPAIR,Repairs,DEBIT,-300.00,148566.71,,66097351022,ACH
2025-01-21,2025-01-21,MERCHANT BANKCARD DEP — CLOVER MCLAUGHLIN BATCH 429244,Card settlement,CREDIT,16951.31,165518.02,,66915518817,DEPOSIT
2025-01-23,2025-01-23,ACH — SUNRISE BEAUTY SUPPLY  DISTRIBUTOR INV,Supplies,DEBIT,-12708.33,152809.69,,17640723975,ACH
2025-01-24,2025-01-24,MERCHANT BANKCARD DEP — CLOVER TULLY BATCH 461710,Card settlement,CREDIT,19664.93,172474.62,,59218034355,DEPOSIT
2025-01-28,2025-01-28,MERCHANT BANKCARD DEP — CLOVER STORY BATCH 498290,Card settlement,CREDIT,14541.69,187016.31,,82552259945,DEPOSIT
2025-01-31,2025-01-31,ACH — PAYROLL  JADE LOTUS  NET WAGES,Payroll,DEBIT,-22750.00,164266.31,,84635649225,ACH
2025-02-03,2025-02-03,MERCHANT BANKCARD DEP — CLOVER MCLAUGHLIN BATCH 468038,Card settlement,CREDIT,12389.48,176655.79,,77237052470,DEPOSIT
2025-02-05,2025-02-05,CHECK — RENT 1885 Tully Rd — TRAN QUOC DUNG,Rent,DEBIT,-2000.00,174655.79,4107,84689277916,CHECK
2025-02-05,2025-02-05,CHECK — RENT 1885 Tully Rd — VO KIM OANH,Rent,DEBIT,-2000.00,172655.79,4108,63637693605,CHECK
2025-02-05,2025-02-05,CHECK — RENT 2402 Story Rd — TRAN QUOC DUNG,Rent,DEBIT,-2000.00,170655.79,4109,14019493642,CHECK
2025-02-05,2025-02-05,CHECK — RENT 2402 Story Rd — VO KIM OANH,Rent,DEBIT,-2000.00,168655.79,4110,98354801668,CHECK
2025-02-05,2025-02-05,CHECK — RENT 1190 McLaughlin Ave — TRAN QUOC DUNG,Rent,DEBIT,-2000.00,166655.79,4111,15080454192,CHECK
2025-02-05,2025-02-05,CHECK — RENT 1190 McLaughlin Ave — VO KIM OANH,Rent,DEBIT,-2000.00,164655.79,4112,55759036778,CHECK
2025-02-07,2025-02-07,MERCHANT BANKCARD DEP — CLOVER TULLY BATCH 445211,Card settlement,CREDIT,12031.24,176687.03,,74016513469,DEPOSIT
2025-02-09,2025-02-09,ACH — SUNRISE BEAUTY SUPPLY  DISTRIBUTOR INV,Supplies,DEBIT,-12708.33,163978.70,,41164737913,ACH
2025-02-11,2025-02-11,MERCHANT BANKCARD DEP — CLOVER STORY BATCH 451986,Card settlement,CREDIT,16634.33,180613.03,,38950136448,DEPOSIT
2025-02-12,2025-02-12,ACH PMT — PACIFIC CREST COMMUNITY BANK LOAN XXXXXX7744,Loan payment,DEBIT,-782.65,179830.38,,88349093552,ACH
2025-02-14,2025-02-14,MERCHANT BANKCARD DEP — CLOVER MCLAUGHLIN BATCH 429717,Card settlement,CREDIT,12506.51,192336.89,,54324776156,DEPOSIT
2025-02-15,2025-02-15,ACH — PAYROLL  JADE LOTUS  NET WAGES,Payroll,DEBIT,-22750.00,169586.89,,16214654310,ACH
2025-02-17,2025-02-17,MERCHANT BANKCARD DEP — CLOVER TULLY BATCH 496922,Card settlement,CREDIT,14048.39,183635.28,,56990195411,DEPOSIT
2025-02-18,2025-02-18,ACH — EFTPS / EDD PAYROLL TAX DEPOSIT,Taxes,DEBIT,-22500.00,161135.28,,57882827980,ACH
2025-02-20,2025-02-20,ACH/CARD — PG&E UTILITIES,Utilities,DEBIT,-1033.00,160102.28,,52525065225,ACH
2025-02-20,2025-02-20,ACH/CARD — SAN JOSE WATER,Utilities,DEBIT,-420.00,159682.28,,36381441442,ACH
2025-02-20,2025-02-20,ACH/CARD — STATE FARM COMMERCIAL INS,Insurance,DEBIT,-575.00,159107.28,,19436113657,ACH
2025-02-20,2025-02-20,ACH/CARD — META ADS / GOOGLE ADS,Advertising,DEBIT,-780.00,158327.28,,91587031941,ACH
2025-02-20,2025-02-20,ACH/CARD — COMCAST BUSINESS INTERNET,Utilities,DEBIT,-289.00,158038.28,,20941877208,ACH
2025-02-20,2025-02-20,ACH/CARD — MERCHANT CARD FEES — CLOVER,Bank fees,DEBIT,-404.00,157634.28,,89517864347,ACH
2025-02-20,2025-02-20,ACH/CARD — CITYWIDE JANITORIAL SVC,Services,DEBIT,-154.00,157480.28,,50145589928,ACH
2025-02-20,2025-02-20,ACH/CARD — ABC EQUIPMENT REPAIR,Repairs,DEBIT,-300.00,157180.28,,46526233405,ACH
2025-02-21,2025-02-21,MERCHANT BANKCARD DEP — CLOVER STORY BATCH 454774,Card settlement,CREDIT,17388.94,174569.22,,65972312049,DEPOSIT
2025-02-23,2025-02-23,ACH — SUNRISE BEAUTY SUPPLY  DISTRIBUTOR INV,Supplies,DEBIT,-12708.33,161860.89,,68021940802,ACH
2025-02-24,2025-02-24,MERCHANT BANKCARD DEP — CLOVER MCLAUGHLIN BATCH 459214,Card settlement,CREDIT,12392.94,174253.83,,96114217098,DEPOSIT
2025-02-28,2025-02-28,MERCHANT BANKCARD DEP — CLOVER TULLY BATCH 472655,Card settlement,CREDIT,14256.09,188509.92,,39727622733,DEPOSIT
2025-02-28,2025-02-28,ACH — PAYROLL  JADE LOTUS  NET WAGES,Payroll,DEBIT,-22750.00,165759.92,,26153168560,ACH
2025-03-03,2025-03-03,MERCHANT BANKCARD DEP — CLOVER STORY BATCH 445251,Card settlement,CREDIT,12414.68,178174.60,,36769053090,DEPOSIT
2025-03-05,2025-03-05,CHECK — RENT 1885 Tully Rd — TRAN QUOC DUNG,Rent,DEBIT,-2000.00,176174.60,4113,72670709109,CHECK
2025-03-05,2025-03-05,CHECK — RENT 1885 Tully Rd — VO KIM OANH,Rent,DEBIT,-2000.00,174174.60,4114,47052689106,CHECK
2025-03-05,2025-03-05,CHECK — RENT 2402 Story Rd — TRAN QUOC DUNG,Rent,DEBIT,-2000.00,172174.60,4115,13622491708,CHECK
2025-03-05,2025-03-05,CHECK — RENT 2402 Story Rd — VO KIM OANH,Rent,DEBIT,-2000.00,170174.60,4116,32934277578,CHECK
2025-03-05,2025-03-05,CHECK — RENT 1190 McLaughlin Ave — TRAN QUOC DUNG,Rent,DEBIT,-2000.00,168174.60,4117,11463985991,CHECK
2025-03-05,2025-03-05,CHECK — RENT 1190 McLaughlin Ave — VO KIM OANH,Rent,DEBIT,-2000.00,166174.60,4118,45698027122,CHECK
2025-03-07,2025-03-07,MERCHANT BANKCARD DEP — CLOVER MCLAUGHLIN BATCH 408378,Card settlement,CREDIT,18523.97,184698.57,,18734375644,DEPOSIT
2025-03-09,2025-03-09,ACH — SUNRISE BEAUTY SUPPLY  DISTRIBUTOR INV,Supplies,DEBIT,-12708.33,171990.24,,54213772814,ACH
2025-03-11,2025-03-11,MERCHANT BANKCARD DEP — CLOVER TULLY BATCH 474143,Card settlement,CREDIT,11933.60,183923.84,,95748105038,DEPOSIT
2025-03-12,2025-03-12,ACH PMT — PACIFIC CREST COMMUNITY BANK LOAN XXXXXX7744,Loan payment,DEBIT,-782.65,183141.19,,52731249410,ACH
2025-03-14,2025-03-14,MERCHANT BANKCARD DEP — CLOVER STORY BATCH 412398,Card settlement,CREDIT,19568.93,202710.12,,24047507164,DEPOSIT
2025-03-15,2025-03-15,ACH — PAYROLL  JADE LOTUS  NET WAGES,Payroll,DEBIT,-22750.00,179960.12,,25031057693,ACH
2025-03-16,2025-03-16,ACH — BAYSHORE TAX & ACCT  ACCOUNTING & PAYROLL,Professional,DEBIT,-1150.00,178810.12,,47375899032,ACH
2025-03-17,2025-03-17,MERCHANT BANKCARD DEP — CLOVER MCLAUGHLIN BATCH 482737,Card settlement,CREDIT,13579.61,192389.73,,37991851028,DEPOSIT
2025-03-18,2025-03-18,ACH — EFTPS / EDD PAYROLL TAX DEPOSIT,Taxes,DEBIT,-22500.00,169889.73,,94392336011,ACH
2025-03-20,2025-03-20,ACH/CARD — PG&E UTILITIES,Utilities,DEBIT,-1033.00,168856.73,,61844766672,ACH
2025-03-20,2025-03-20,ACH/CARD — SAN JOSE WATER,Utilities,DEBIT,-420.00,168436.73,,27539215370,ACH
2025-03-20,2025-03-20,ACH/CARD — STATE FARM COMMERCIAL INS,Insurance,DEBIT,-575.00,167861.73,,48086620328,ACH
2025-03-20,2025-03-20,ACH/CARD — META ADS / GOOGLE ADS,Advertising,DEBIT,-780.00,167081.73,,76044435119,ACH
2025-03-20,2025-03-20,ACH/CARD — COMCAST BUSINESS INTERNET,Utilities,DEBIT,-289.00,166792.73,,77821564512,ACH
2025-03-20,2025-03-20,ACH/CARD — MERCHANT CARD FEES — CLOVER,Bank fees,DEBIT,-404.00,166388.73,,13821278614,ACH
2025-03-20,2025-03-20,ACH/CARD — CITYWIDE JANITORIAL SVC,Services,DEBIT,-154.00,166234.73,,29533817346,ACH
2025-03-20,2025-03-20,ACH/CARD — ABC EQUIPMENT REPAIR,Repairs,DEBIT,-300.00,165934.73,,54616720066,ACH
2025-03-21,2025-03-21,MERCHANT BANKCARD DEP — CLOVER TULLY BATCH 476122,Card settlement,CREDIT,16854.13,182788.86,,89350775939,DEPOSIT
2025-03-23,2025-03-23,ACH — SUNRISE BEAUTY SUPPLY  DISTRIBUTOR INV,Supplies,DEBIT,-12708.33,170080.53,,85852469006,ACH
2025-03-24,2025-03-24,MERCHANT BANKCARD DEP — CLOVER STORY BATCH 422322,Card settlement,CREDIT,15671.73,185752.26,,54118150745,DEPOSIT
2025-03-28,2025-03-28,MERCHANT BANKCARD DEP — CLOVER MCLAUGHLIN BATCH 436019,Card settlement,CREDIT,12477.68,198229.94,,51281267315,DEPOSIT
2025-03-31,2025-03-31,ACH — PAYROLL  JADE LOTUS  NET WAGES,Payroll,DEBIT,-22750.00,175479.94,,16238795203,ACH
2025-04-03,2025-04-03,MERCHANT BANKCARD DEP — CLOVER TULLY BATCH 427331,Card settlement,CREDIT,18587.54,194067.48,,17565540224,DEPOSIT
2025-04-05,2025-04-05,CHECK — RENT 1885 Tully Rd — TRAN QUOC DUNG,Rent,DEBIT,-2000.00,192067.48,4119,56185402254,CHECK
2025-04-05,2025-04-05,CHECK — RENT 1885 Tully Rd — VO KIM OANH,Rent,DEBIT,-2000.00,190067.48,4120,83559043952,CHECK
2025-04-05,2025-04-05,CHECK — RENT 2402 Story Rd — TRAN QUOC DUNG,Rent,DEBIT,-2000.00,188067.48,4121,73136760949,CHECK
2025-04-05,2025-04-05,CHECK — RENT 2402 Story Rd — VO KIM OANH,Rent,DEBIT,-2000.00,186067.48,4122,44528012694,CHECK
2025-04-05,2025-04-05,CHECK — RENT 1190 McLaughlin Ave — TRAN QUOC DUNG,Rent,DEBIT,-2000.00,184067.48,4123,15795983087,CHECK
2025-04-05,2025-04-05,CHECK — RENT 1190 McLaughlin Ave — VO KIM OANH,Rent,DEBIT,-2000.00,182067.48,4124,55023945345,CHECK
2025-04-07,2025-04-07,MERCHANT BANKCARD DEP — CLOVER STORY BATCH 431478,Card settlement,CREDIT,14586.87,196654.35,,15065193876,DEPOSIT
2025-04-09,2025-04-09,ACH — SUNRISE BEAUTY SUPPLY  DISTRIBUTOR INV,Supplies,DEBIT,-12708.33,183946.02,,76127468514,ACH
2025-04-11,2025-04-11,MERCHANT BANKCARD DEP — CLOVER MCLAUGHLIN BATCH 454457,Card settlement,CREDIT,17866.95,201812.97,,14033000889,DEPOSIT
2025-04-12,2025-04-12,ACH PMT — PACIFIC CREST COMMUNITY BANK LOAN XXXXXX7744,Loan payment,DEBIT,-782.65,201030.32,,92040405328,ACH
2025-04-14,2025-04-14,MERCHANT BANKCARD DEP — CLOVER TULLY BATCH 493977,Card settlement,CREDIT,12528.70,213559.02,,99494687507,DEPOSIT
2025-04-14,2025-04-14,EFTPS — FEDERAL CORP ESTIMATED TAX 1120,Taxes,DEBIT,-4500.00,209059.02,,74153100974,ACH
2025-04-14,2025-04-14,FTB — CA CORP ESTIMATED TAX,Taxes,DEBIT,-3000.00,206059.02,,23340618658,ACH
2025-04-15,2025-04-15,ACH — PAYROLL  JADE LOTUS  NET WAGES,Payroll,DEBIT,-22750.00,183309.02,,75402373273,ACH
2025-04-17,2025-04-17,MERCHANT BANKCARD DEP — CLOVER STORY BATCH 487257,Card settlement,CREDIT,16566.58,199875.60,,96985869317,DEPOSIT
2025-04-18,2025-04-18,ACH — EFTPS / EDD PAYROLL TAX DEPOSIT,Taxes,DEBIT,-22500.00,177375.60,,91200596570,ACH
2025-04-20,2025-04-20,ACH/CARD — PG&E UTILITIES,Utilities,DEBIT,-1033.00,176342.60,,18936653214,ACH
2025-04-20,2025-04-20,ACH/CARD — SAN JOSE WATER,Utilities,DEBIT,-420.00,175922.60,,30960234516,ACH
2025-04-20,2025-04-20,ACH/CARD — STATE FARM COMMERCIAL INS,Insurance,DEBIT,-575.00,175347.60,,75027651422,ACH
2025-04-20,2025-04-20,ACH/CARD — META ADS / GOOGLE ADS,Advertising,DEBIT,-780.00,174567.60,,41906253714,ACH
2025-04-20,2025-04-20,ACH/CARD — COMCAST BUSINESS INTERNET,Utilities,DEBIT,-289.00,174278.60,,28303158622,ACH
2025-04-20,2025-04-20,ACH/CARD — MERCHANT CARD FEES — CLOVER,Bank fees,DEBIT,-404.00,173874.60,,78569449293,ACH
2025-04-20,2025-04-20,ACH/CARD — CITYWIDE JANITORIAL SVC,Services,DEBIT,-154.00,173720.60,,25402030062,ACH
2025-04-20,2025-04-20,ACH/CARD — ABC EQUIPMENT REPAIR,Repairs,DEBIT,-300.00,173420.60,,46428285364,ACH
2025-04-21,2025-04-21,MERCHANT BANKCARD DEP — CLOVER MCLAUGHLIN BATCH 450775,Card settlement,CREDIT,12790.53,186211.13,,20812094718,DEPOSIT
2025-04-23,2025-04-23,ACH — SUNRISE BEAUTY SUPPLY  DISTRIBUTOR INV,Supplies,DEBIT,-12708.33,173502.80,,13986529132,ACH
2025-04-24,2025-04-24,MERCHANT BANKCARD DEP — CLOVER TULLY BATCH 412083,Card settlement,CREDIT,18357.25,191860.05,,94104691793,DEPOSIT
2025-04-28,2025-04-28,MERCHANT BANKCARD DEP — CLOVER STORY BATCH 402284,Card settlement,CREDIT,10863.96,202724.01,,28375766392,DEPOSIT
2025-04-30,2025-04-30,ACH — PAYROLL  JADE LOTUS  NET WAGES,Payroll,DEBIT,-22750.00,179974.01,,18652286751,ACH
2025-05-03,2025-05-03,MERCHANT BANKCARD DEP — CLOVER MCLAUGHLIN BATCH 411374,Card settlement,CREDIT,11828.24,191802.25,,34105516400,DEPOSIT
2025-05-05,2025-05-05,CHECK — RENT 1885 Tully Rd — TRAN QUOC DUNG,Rent,DEBIT,-2000.00,189802.25,4125,96870466780,CHECK
2025-05-05,2025-05-05,CHECK — RENT 1885 Tully Rd — VO KIM OANH,Rent,DEBIT,-2000.00,187802.25,4126,15500809529,CHECK
2025-05-05,2025-05-05,CHECK — RENT 2402 Story Rd — TRAN QUOC DUNG,Rent,DEBIT,-2000.00,185802.25,4127,69797752206,CHECK
2025-05-05,2025-05-05,CHECK — RENT 2402 Story Rd — VO KIM OANH,Rent,DEBIT,-2000.00,183802.25,4128,24626153039,CHECK
2025-05-05,2025-05-05,CHECK — RENT 1190 McLaughlin Ave — TRAN QUOC DUNG,Rent,DEBIT,-2000.00,181802.25,4129,75985088923,CHECK
2025-05-05,2025-05-05,CHECK — RENT 1190 McLaughlin Ave — VO KIM OANH,Rent,DEBIT,-2000.00,179802.25,4130,77854281548,CHECK
2025-05-07,2025-05-07,MERCHANT BANKCARD DEP — CLOVER TULLY BATCH 408504,Card settlement,CREDIT,14288.24,194090.49,,41362816570,DEPOSIT
2025-05-09,2025-05-09,ACH — SUNRISE BEAUTY SUPPLY  DISTRIBUTOR INV,Supplies,DEBIT,-12708.33,181382.16,,33065089151,ACH
2025-05-11,2025-05-11,MERCHANT BANKCARD DEP — CLOVER STORY BATCH 452650,Card settlement,CREDIT,14304.74,195686.90,,18136842677,DEPOSIT
2025-05-12,2025-05-12,ACH PMT — PACIFIC CREST COMMUNITY BANK LOAN XXXXXX7744,Loan payment,DEBIT,-782.65,194904.25,,49502381156,ACH
2025-05-14,2025-05-14,MERCHANT BANKCARD DEP — CLOVER MCLAUGHLIN BATCH 419442,Card settlement,CREDIT,19610.32,214514.57,,24319835660,DEPOSIT
2025-05-15,2025-05-15,ACH — PAYROLL  JADE LOTUS  NET WAGES,Payroll,DEBIT,-22750.00,191764.57,,49564324669,ACH
2025-05-17,2025-05-17,MERCHANT BANKCARD DEP — CLOVER TULLY BATCH 404115,Card settlement,CREDIT,12904.82,204669.39,,57277182678,DEPOSIT
2025-05-18,2025-05-18,ACH — EFTPS / EDD PAYROLL TAX DEPOSIT,Taxes,DEBIT,-22500.00,182169.39,,70391764023,ACH
2025-05-20,2025-05-20,ACH/CARD — PG&E UTILITIES,Utilities,DEBIT,-1033.00,181136.39,,47132382073,ACH
2025-05-20,2025-05-20,ACH/CARD — SAN JOSE WATER,Utilities,DEBIT,-420.00,180716.39,,18885522358,ACH
2025-05-20,2025-05-20,ACH/CARD — STATE FARM COMMERCIAL INS,Insurance,DEBIT,-575.00,180141.39,,60619967539,ACH
2025-05-20,2025-05-20,ACH/CARD — META ADS / GOOGLE ADS,Advertising,DEBIT,-780.00,179361.39,,34871770477,ACH
2025-05-20,2025-05-20,ACH/CARD — COMCAST BUSINESS INTERNET,Utilities,DEBIT,-289.00,179072.39,,98472018901,ACH
2025-05-20,2025-05-20,ACH/CARD — MERCHANT CARD FEES — CLOVER,Bank fees,DEBIT,-404.00,178668.39,,55925895567,ACH
2025-05-20,2025-05-20,ACH/CARD — CITYWIDE JANITORIAL SVC,Services,DEBIT,-154.00,178514.39,,17677171281,ACH
2025-05-20,2025-05-20,ACH/CARD — ABC EQUIPMENT REPAIR,Repairs,DEBIT,-300.00,178214.39,,56265595226,ACH
2025-05-21,2025-05-21,MERCHANT BANKCARD DEP — CLOVER STORY BATCH 460437,Card settlement,CREDIT,11242.58,189456.97,,77327765161,DEPOSIT
2025-05-23,2025-05-23,ACH — SUNRISE BEAUTY SUPPLY  DISTRIBUTOR INV,Supplies,DEBIT,-12708.33,176748.64,,75376215431,ACH
2025-05-24,2025-05-24,MERCHANT BANKCARD DEP — CLOVER MCLAUGHLIN BATCH 458162,Card settlement,CREDIT,18428.30,195176.94,,13108165444,DEPOSIT
2025-05-28,2025-05-28,MERCHANT BANKCARD DEP — CLOVER TULLY BATCH 458024,Card settlement,CREDIT,13375.22,208552.16,,52571802324,DEPOSIT
2025-05-31,2025-05-31,ACH — PAYROLL  JADE LOTUS  NET WAGES,Payroll,DEBIT,-22750.00,185802.16,,22025097397,ACH
2025-06-03,2025-06-03,MERCHANT BANKCARD DEP — CLOVER STORY BATCH 469171,Card settlement,CREDIT,19619.41,205421.57,,56702745589,DEPOSIT
2025-06-05,2025-06-05,CHECK — RENT 1885 Tully Rd — TRAN QUOC DUNG,Rent,DEBIT,-2000.00,203421.57,4131,35569298056,CHECK
2025-06-05,2025-06-05,CHECK — RENT 1885 Tully Rd — VO KIM OANH,Rent,DEBIT,-2000.00,201421.57,4132,81181146574,CHECK
2025-06-05,2025-06-05,CHECK — RENT 2402 Story Rd — TRAN QUOC DUNG,Rent,DEBIT,-2000.00,199421.57,4133,54403468212,CHECK
2025-06-05,2025-06-05,CHECK — RENT 2402 Story Rd — VO KIM OANH,Rent,DEBIT,-2000.00,197421.57,4134,97059497464,CHECK
2025-06-05,2025-06-05,CHECK — RENT 1190 McLaughlin Ave — TRAN QUOC DUNG,Rent,DEBIT,-2000.00,195421.57,4135,27661776509,CHECK
2025-06-05,2025-06-05,CHECK — RENT 1190 McLaughlin Ave — VO KIM OANH,Rent,DEBIT,-2000.00,193421.57,4136,58211092917,CHECK
2025-06-07,2025-06-07,MERCHANT BANKCARD DEP — CLOVER MCLAUGHLIN BATCH 479404,Card settlement,CREDIT,13042.46,206464.03,,27883991846,DEPOSIT
2025-06-09,2025-06-09,ACH — SUNRISE BEAUTY SUPPLY  DISTRIBUTOR INV,Supplies,DEBIT,-12708.33,193755.70,,40078646896,ACH
2025-06-11,2025-06-11,MERCHANT BANKCARD DEP — CLOVER TULLY BATCH 415670,Card settlement,CREDIT,18092.93,211848.63,,57445280942,DEPOSIT
2025-06-12,2025-06-12,ACH PMT — PACIFIC CREST COMMUNITY BANK LOAN XXXXXX7744,Loan payment,DEBIT,-782.65,211065.98,,91468400671,ACH
2025-06-13,2025-06-13,EFTPS — FEDERAL CORP ESTIMATED TAX 1120,Taxes,DEBIT,-4500.00,206565.98,,84460258759,ACH
2025-06-13,2025-06-13,FTB — CA CORP ESTIMATED TAX,Taxes,DEBIT,-2500.00,204065.98,,86104117550,ACH
2025-06-14,2025-06-14,MERCHANT BANKCARD DEP — CLOVER STORY BATCH 441176,Card settlement,CREDIT,19693.67,223759.65,,14318885893,DEPOSIT
2025-06-15,2025-06-15,ACH — PAYROLL  JADE LOTUS  NET WAGES,Payroll,DEBIT,-22750.00,201009.65,,38889356105,ACH
2025-06-16,2025-06-16,ACH — BAYSHORE TAX & ACCT  ACCOUNTING & PAYROLL,Professional,DEBIT,-1150.00,199859.65,,38870884136,ACH
2025-06-17,2025-06-17,MERCHANT BANKCARD DEP — CLOVER MCLAUGHLIN BATCH 485706,Card settlement,CREDIT,16464.36,216324.01,,11116114275,DEPOSIT
2025-06-18,2025-06-18,ACH — EFTPS / EDD PAYROLL TAX DEPOSIT,Taxes,DEBIT,-22500.00,193824.01,,72393414040,ACH
2025-06-20,2025-06-20,ACH/CARD — PG&E UTILITIES,Utilities,DEBIT,-1033.00,192791.01,,11198594924,ACH
2025-06-20,2025-06-20,ACH/CARD — SAN JOSE WATER,Utilities,DEBIT,-420.00,192371.01,,98638648677,ACH
2025-06-20,2025-06-20,ACH/CARD — STATE FARM COMMERCIAL INS,Insurance,DEBIT,-575.00,191796.01,,14568006409,ACH
2025-06-20,2025-06-20,ACH/CARD — META ADS / GOOGLE ADS,Advertising,DEBIT,-780.00,191016.01,,84450774112,ACH
2025-06-20,2025-06-20,ACH/CARD — COMCAST BUSINESS INTERNET,Utilities,DEBIT,-289.00,190727.01,,84884215878,ACH
2025-06-20,2025-06-20,ACH/CARD — MERCHANT CARD FEES — CLOVER,Bank fees,DEBIT,-404.00,190323.01,,84640238773,ACH
2025-06-20,2025-06-20,ACH/CARD — CITYWIDE JANITORIAL SVC,Services,DEBIT,-154.00,190169.01,,59657810364,ACH
2025-06-20,2025-06-20,ACH/CARD — ABC EQUIPMENT REPAIR,Repairs,DEBIT,-300.00,189869.01,,90719772480,ACH
2025-06-21,2025-06-21,MERCHANT BANKCARD DEP — CLOVER TULLY BATCH 419293,Card settlement,CREDIT,10969.63,200838.64,,26596863037,DEPOSIT
2025-06-23,2025-06-23,ACH — SUNRISE BEAUTY SUPPLY  DISTRIBUTOR INV,Supplies,DEBIT,-12708.33,188130.31,,20560343111,ACH
2025-06-24,2025-06-24,MERCHANT BANKCARD DEP — CLOVER STORY BATCH 494905,Card settlement,CREDIT,16775.49,204905.80,,62211323286,DEPOSIT
2025-06-28,2025-06-28,MERCHANT BANKCARD DEP — CLOVER MCLAUGHLIN BATCH 421196,Card settlement,CREDIT,16180.52,221086.32,,56845711155,DEPOSIT
2025-06-30,2025-06-30,ACH — PAYROLL  JADE LOTUS  NET WAGES,Payroll,DEBIT,-22750.00,198336.32,,52970528723,ACH
2025-06-30,2025-06-30,WIRE — SHAREHOLDER DISTRIBUTION  MAI-LINH TRAN,Distribution,DEBIT,-18000.00,180336.32,,33443695018,WIRE
2025-06-30,2025-06-30,WIRE — SHAREHOLDER DISTRIBUTION  TRAN QUOC DUNG,Distribution,DEBIT,-13500.00,166836.32,,59991548679,WIRE
2025-06-30,2025-06-30,WIRE — SHAREHOLDER DISTRIBUTION  VO KIM OANH,Distribution,DEBIT,-13500.00,153336.32,,80224749782,WIRE
2025-07-03,2025-07-03,MERCHANT BANKCARD DEP — CLOVER TULLY BATCH 470509,Card settlement,CREDIT,16567.74,169904.06,,31929360057,DEPOSIT
2025-07-05,2025-07-05,CHECK — RENT 1885 Tully Rd — TRAN QUOC DUNG,Rent,DEBIT,-2000.00,167904.06,4137,45603289272,CHECK
2025-07-05,2025-07-05,CHECK — RENT 1885 Tully Rd — VO KIM OANH,Rent,DEBIT,-2000.00,165904.06,4138,96489090247,CHECK
2025-07-05,2025-07-05,CHECK — RENT 2402 Story Rd — TRAN QUOC DUNG,Rent,DEBIT,-2000.00,163904.06,4139,46461779600,CHECK
2025-07-05,2025-07-05,CHECK — RENT 2402 Story Rd — VO KIM OANH,Rent,DEBIT,-2000.00,161904.06,4140,30765101452,CHECK
2025-07-05,2025-07-05,CHECK — RENT 1190 McLaughlin Ave — TRAN QUOC DUNG,Rent,DEBIT,-2000.00,159904.06,4141,60616343304,CHECK
2025-07-05,2025-07-05,CHECK — RENT 1190 McLaughlin Ave — VO KIM OANH,Rent,DEBIT,-2000.00,157904.06,4142,11267299153,CHECK
2025-07-07,2025-07-07,MERCHANT BANKCARD DEP — CLOVER STORY BATCH 489188,Card settlement,CREDIT,15156.91,173060.97,,71707247573,DEPOSIT
2025-07-09,2025-07-09,ACH — SUNRISE BEAUTY SUPPLY  DISTRIBUTOR INV,Supplies,DEBIT,-12708.33,160352.64,,27014311109,ACH
2025-07-11,2025-07-11,MERCHANT BANKCARD DEP — CLOVER MCLAUGHLIN BATCH 486952,Card settlement,CREDIT,13307.72,173660.36,,99003227505,DEPOSIT
2025-07-12,2025-07-12,ACH PMT — PACIFIC CREST COMMUNITY BANK LOAN XXXXXX7744,Loan payment,DEBIT,-782.65,172877.71,,26707028628,ACH
2025-07-14,2025-07-14,MERCHANT BANKCARD DEP — CLOVER TULLY BATCH 434033,Card settlement,CREDIT,15359.36,188237.07,,31469914993,DEPOSIT
2025-07-15,2025-07-15,ACH — PAYROLL  JADE LOTUS  NET WAGES,Payroll,DEBIT,-22750.00,165487.07,,36979832047,ACH
2025-07-17,2025-07-17,MERCHANT BANKCARD DEP — CLOVER STORY BATCH 469707,Card settlement,CREDIT,10878.43,176365.50,,52352046346,DEPOSIT
2025-07-18,2025-07-18,ACH — EFTPS / EDD PAYROLL TAX DEPOSIT,Taxes,DEBIT,-22500.00,153865.50,,33885803227,ACH
2025-07-20,2025-07-20,ACH/CARD — PG&E UTILITIES,Utilities,DEBIT,-1033.00,152832.50,,40720101667,ACH
2025-07-20,2025-07-20,ACH/CARD — SAN JOSE WATER,Utilities,DEBIT,-420.00,152412.50,,47191161681,ACH
2025-07-20,2025-07-20,ACH/CARD — STATE FARM COMMERCIAL INS,Insurance,DEBIT,-575.00,151837.50,,56828984334,ACH
2025-07-20,2025-07-20,ACH/CARD — META ADS / GOOGLE ADS,Advertising,DEBIT,-780.00,151057.50,,82164230148,ACH
2025-07-20,2025-07-20,ACH/CARD — COMCAST BUSINESS INTERNET,Utilities,DEBIT,-289.00,150768.50,,17515740748,ACH
2025-07-20,2025-07-20,ACH/CARD — MERCHANT CARD FEES — CLOVER,Bank fees,DEBIT,-404.00,150364.50,,85088135444,ACH
2025-07-20,2025-07-20,ACH/CARD — CITYWIDE JANITORIAL SVC,Services,DEBIT,-154.00,150210.50,,99174462052,ACH
2025-07-20,2025-07-20,ACH/CARD — ABC EQUIPMENT REPAIR,Repairs,DEBIT,-300.00,149910.50,,31245356324,ACH
2025-07-21,2025-07-21,MERCHANT BANKCARD DEP — CLOVER MCLAUGHLIN BATCH 478018,Card settlement,CREDIT,18569.59,168480.09,,82057600527,DEPOSIT
2025-07-23,2025-07-23,ACH — SUNRISE BEAUTY SUPPLY  DISTRIBUTOR INV,Supplies,DEBIT,-12708.33,155771.76,,66065072933,ACH
2025-07-24,2025-07-24,MERCHANT BANKCARD DEP — CLOVER TULLY BATCH 472243,Card settlement,CREDIT,14076.65,169848.41,,63793726771,DEPOSIT
2025-07-28,2025-07-28,MERCHANT BANKCARD DEP — CLOVER STORY BATCH 406847,Card settlement,CREDIT,13649.52,183497.93,,78982072371,DEPOSIT
2025-07-31,2025-07-31,ACH — PAYROLL  JADE LOTUS  NET WAGES,Payroll,DEBIT,-22750.00,160747.93,,94147502882,ACH
2025-08-03,2025-08-03,MERCHANT BANKCARD DEP — CLOVER MCLAUGHLIN BATCH 470026,Card settlement,CREDIT,16489.17,177237.10,,64704548462,DEPOSIT
2025-08-05,2025-08-05,CHECK — RENT 1885 Tully Rd — TRAN QUOC DUNG,Rent,DEBIT,-2000.00,175237.10,4143,67165506861,CHECK
2025-08-05,2025-08-05,CHECK — RENT 1885 Tully Rd — VO KIM OANH,Rent,DEBIT,-2000.00,173237.10,4144,52959057076,CHECK
2025-08-05,2025-08-05,CHECK — RENT 2402 Story Rd — TRAN QUOC DUNG,Rent,DEBIT,-2000.00,171237.10,4145,40530578929,CHECK
2025-08-05,2025-08-05,CHECK — RENT 2402 Story Rd — VO KIM OANH,Rent,DEBIT,-2000.00,169237.10,4146,38324746933,CHECK
2025-08-05,2025-08-05,CHECK — RENT 1190 McLaughlin Ave — TRAN QUOC DUNG,Rent,DEBIT,-2000.00,167237.10,4147,53779441030,CHECK
2025-08-05,2025-08-05,CHECK — RENT 1190 McLaughlin Ave — VO KIM OANH,Rent,DEBIT,-2000.00,165237.10,4148,87632367936,CHECK
2025-08-07,2025-08-07,MERCHANT BANKCARD DEP — CLOVER TULLY BATCH 497315,Card settlement,CREDIT,15888.51,181125.61,,46775487865,DEPOSIT
2025-08-09,2025-08-09,ACH — SUNRISE BEAUTY SUPPLY  DISTRIBUTOR INV,Supplies,DEBIT,-12708.33,168417.28,,69744907786,ACH
2025-08-11,2025-08-11,MERCHANT BANKCARD DEP — CLOVER STORY BATCH 404799,Card settlement,CREDIT,13235.37,181652.65,,59119795735,DEPOSIT
2025-08-12,2025-08-12,ACH PMT — PACIFIC CREST COMMUNITY BANK LOAN XXXXXX7744,Loan payment,DEBIT,-782.65,180870.00,,77467652458,ACH
2025-08-14,2025-08-14,MERCHANT BANKCARD DEP — CLOVER MCLAUGHLIN BATCH 422635,Card settlement,CREDIT,16536.64,197406.64,,86480881085,DEPOSIT
2025-08-15,2025-08-15,ACH — PAYROLL  JADE LOTUS  NET WAGES,Payroll,DEBIT,-22750.00,174656.64,,71898531484,ACH
2025-08-17,2025-08-17,MERCHANT BANKCARD DEP — CLOVER TULLY BATCH 417043,Card settlement,CREDIT,19653.63,194310.27,,50394413303,DEPOSIT
2025-08-18,2025-08-18,ACH — EFTPS / EDD PAYROLL TAX DEPOSIT,Taxes,DEBIT,-22500.00,171810.27,,70119993422,ACH
2025-08-20,2025-08-20,ACH/CARD — PG&E UTILITIES,Utilities,DEBIT,-1033.00,170777.27,,36879403759,ACH
2025-08-20,2025-08-20,ACH/CARD — SAN JOSE WATER,Utilities,DEBIT,-420.00,170357.27,,15144371488,ACH
2025-08-20,2025-08-20,ACH/CARD — STATE FARM COMMERCIAL INS,Insurance,DEBIT,-575.00,169782.27,,65865297349,ACH
2025-08-20,2025-08-20,ACH/CARD — META ADS / GOOGLE ADS,Advertising,DEBIT,-780.00,169002.27,,43674617675,ACH
2025-08-20,2025-08-20,ACH/CARD — COMCAST BUSINESS INTERNET,Utilities,DEBIT,-289.00,168713.27,,91914939202,ACH
2025-08-20,2025-08-20,ACH/CARD — MERCHANT CARD FEES — CLOVER,Bank fees,DEBIT,-404.00,168309.27,,99718880043,ACH
2025-08-20,2025-08-20,ACH/CARD — CITYWIDE JANITORIAL SVC,Services,DEBIT,-154.00,168155.27,,53634777761,ACH
2025-08-20,2025-08-20,ACH/CARD — ABC EQUIPMENT REPAIR,Repairs,DEBIT,-300.00,167855.27,,21957904714,ACH
2025-08-21,2025-08-21,MERCHANT BANKCARD DEP — CLOVER STORY BATCH 468199,Card settlement,CREDIT,19822.61,187677.88,,63973986771,DEPOSIT
2025-08-23,2025-08-23,ACH — SUNRISE BEAUTY SUPPLY  DISTRIBUTOR INV,Supplies,DEBIT,-12708.33,174969.55,,34692994004,ACH
2025-08-24,2025-08-24,MERCHANT BANKCARD DEP — CLOVER MCLAUGHLIN BATCH 425315,Card settlement,CREDIT,12083.40,187052.95,,49707639958,DEPOSIT
2025-08-28,2025-08-28,MERCHANT BANKCARD DEP — CLOVER TULLY BATCH 430754,Card settlement,CREDIT,12628.62,199681.57,,66826847494,DEPOSIT
2025-08-31,2025-08-31,ACH — PAYROLL  JADE LOTUS  NET WAGES,Payroll,DEBIT,-22750.00,176931.57,,70865657844,ACH
2025-09-03,2025-09-03,MERCHANT BANKCARD DEP — CLOVER STORY BATCH 493042,Card settlement,CREDIT,12755.47,189687.04,,27905882849,DEPOSIT
2025-09-05,2025-09-05,CHECK — RENT 1885 Tully Rd — TRAN QUOC DUNG,Rent,DEBIT,-2000.00,187687.04,4149,98634883248,CHECK
2025-09-05,2025-09-05,CHECK — RENT 1885 Tully Rd — VO KIM OANH,Rent,DEBIT,-2000.00,185687.04,4150,25892297388,CHECK
2025-09-05,2025-09-05,CHECK — RENT 2402 Story Rd — TRAN QUOC DUNG,Rent,DEBIT,-2000.00,183687.04,4151,88898644893,CHECK
2025-09-05,2025-09-05,CHECK — RENT 2402 Story Rd — VO KIM OANH,Rent,DEBIT,-2000.00,181687.04,4152,34635769262,CHECK
2025-09-05,2025-09-05,CHECK — RENT 1190 McLaughlin Ave — TRAN QUOC DUNG,Rent,DEBIT,-2000.00,179687.04,4153,38341069600,CHECK
2025-09-05,2025-09-05,CHECK — RENT 1190 McLaughlin Ave — VO KIM OANH,Rent,DEBIT,-2000.00,177687.04,4154,63415791513,CHECK
2025-09-07,2025-09-07,MERCHANT BANKCARD DEP — CLOVER MCLAUGHLIN BATCH 401216,Card settlement,CREDIT,14905.73,192592.77,,54433432502,DEPOSIT
2025-09-09,2025-09-09,ACH — SUNRISE BEAUTY SUPPLY  DISTRIBUTOR INV,Supplies,DEBIT,-12708.33,179884.44,,81957360233,ACH
2025-09-11,2025-09-11,MERCHANT BANKCARD DEP — CLOVER TULLY BATCH 481003,Card settlement,CREDIT,12514.35,192398.79,,60826663860,DEPOSIT
2025-09-12,2025-09-12,ACH PMT — PACIFIC CREST COMMUNITY BANK LOAN XXXXXX7744,Loan payment,DEBIT,-782.65,191616.14,,15338890210,ACH
2025-09-14,2025-09-14,MERCHANT BANKCARD DEP — CLOVER STORY BATCH 422459,Card settlement,CREDIT,16436.51,208052.65,,31566361582,DEPOSIT
2025-09-15,2025-09-15,ACH — PAYROLL  JADE LOTUS  NET WAGES,Payroll,DEBIT,-22750.00,185302.65,,18140025731,ACH
2025-09-15,2025-09-15,EFTPS — FEDERAL CORP ESTIMATED TAX 1120,Taxes,DEBIT,-4500.00,180802.65,,42213632054,ACH
2025-09-16,2025-09-16,ACH — BAYSHORE TAX & ACCT  ACCOUNTING & PAYROLL,Professional,DEBIT,-1150.00,179652.65,,23449857064,ACH
2025-09-17,2025-09-17,MERCHANT BANKCARD DEP — CLOVER MCLAUGHLIN BATCH 429921,Card settlement,CREDIT,18142.25,197794.90,,66375291334,DEPOSIT
2025-09-18,2025-09-18,ACH — EFTPS / EDD PAYROLL TAX DEPOSIT,Taxes,DEBIT,-22500.00,175294.90,,31964731433,ACH
2025-09-20,2025-09-20,ACH/CARD — PG&E UTILITIES,Utilities,DEBIT,-1033.00,174261.90,,62413543018,ACH
2025-09-20,2025-09-20,ACH/CARD — SAN JOSE WATER,Utilities,DEBIT,-420.00,173841.90,,35419304870,ACH
2025-09-20,2025-09-20,ACH/CARD — STATE FARM COMMERCIAL INS,Insurance,DEBIT,-575.00,173266.90,,82385282166,ACH
2025-09-20,2025-09-20,ACH/CARD — META ADS / GOOGLE ADS,Advertising,DEBIT,-780.00,172486.90,,61032460844,ACH
2025-09-20,2025-09-20,ACH/CARD — COMCAST BUSINESS INTERNET,Utilities,DEBIT,-289.00,172197.90,,65052656020,ACH
2025-09-20,2025-09-20,ACH/CARD — MERCHANT CARD FEES — CLOVER,Bank fees,DEBIT,-404.00,171793.90,,56106428730,ACH
2025-09-20,2025-09-20,ACH/CARD — CITYWIDE JANITORIAL SVC,Services,DEBIT,-154.00,171639.90,,87242767581,ACH
2025-09-20,2025-09-20,ACH/CARD — ABC EQUIPMENT REPAIR,Repairs,DEBIT,-300.00,171339.90,,90716373414,ACH
2025-09-21,2025-09-21,MERCHANT BANKCARD DEP — CLOVER TULLY BATCH 447931,Card settlement,CREDIT,17115.17,188455.07,,77760207194,DEPOSIT
2025-09-23,2025-09-23,ACH — SUNRISE BEAUTY SUPPLY  DISTRIBUTOR INV,Supplies,DEBIT,-12708.33,175746.74,,33424381916,ACH
2025-09-24,2025-09-24,MERCHANT BANKCARD DEP — CLOVER STORY BATCH 464674,Card settlement,CREDIT,16985.58,192732.32,,78145297506,DEPOSIT
2025-09-28,2025-09-28,MERCHANT BANKCARD DEP — CLOVER MCLAUGHLIN BATCH 481807,Card settlement,CREDIT,12329.98,205062.30,,97383078660,DEPOSIT
2025-09-30,2025-09-30,ACH — PAYROLL  JADE LOTUS  NET WAGES,Payroll,DEBIT,-22750.00,182312.30,,50197398285,ACH
2025-09-30,2025-09-30,WIRE — SHAREHOLDER LOAN PRINCIPAL  TRAN QUOC DUNG,Shareholder loan,DEBIT,-10000.00,172312.30,,48565597383,WIRE
2025-09-30,2025-09-30,WIRE — SHAREHOLDER LOAN PRINCIPAL  VO KIM OANH,Shareholder loan,DEBIT,-10000.00,162312.30,,86740782914,WIRE
2025-10-03,2025-10-03,MERCHANT BANKCARD DEP — CLOVER TULLY BATCH 421767,Card settlement,CREDIT,14859.81,177172.11,,74202939569,DEPOSIT
2025-10-05,2025-10-05,CHECK — RENT 1885 Tully Rd — TRAN QUOC DUNG,Rent,DEBIT,-2000.00,175172.11,4155,26011798796,CHECK
2025-10-05,2025-10-05,CHECK — RENT 1885 Tully Rd — VO KIM OANH,Rent,DEBIT,-2000.00,173172.11,4156,57811101977,CHECK
2025-10-05,2025-10-05,CHECK — RENT 2402 Story Rd — TRAN QUOC DUNG,Rent,DEBIT,-2000.00,171172.11,4157,29284149383,CHECK
2025-10-05,2025-10-05,CHECK — RENT 2402 Story Rd — VO KIM OANH,Rent,DEBIT,-2000.00,169172.11,4158,84812577127,CHECK
2025-10-05,2025-10-05,CHECK — RENT 1190 McLaughlin Ave — TRAN QUOC DUNG,Rent,DEBIT,-2000.00,167172.11,4159,29587350870,CHECK
2025-10-05,2025-10-05,CHECK — RENT 1190 McLaughlin Ave — VO KIM OANH,Rent,DEBIT,-2000.00,165172.11,4160,87106649745,CHECK
2025-10-07,2025-10-07,MERCHANT BANKCARD DEP — CLOVER STORY BATCH 478817,Card settlement,CREDIT,12795.01,177967.12,,73286710244,DEPOSIT
2025-10-09,2025-10-09,ACH — SUNRISE BEAUTY SUPPLY  DISTRIBUTOR INV,Supplies,DEBIT,-12708.33,165258.79,,40699633059,ACH
2025-10-11,2025-10-11,MERCHANT BANKCARD DEP — CLOVER MCLAUGHLIN BATCH 437866,Card settlement,CREDIT,19640.74,184899.53,,24316888779,DEPOSIT
2025-10-12,2025-10-12,ACH PMT — PACIFIC CREST COMMUNITY BANK LOAN XXXXXX7744,Loan payment,DEBIT,-782.65,184116.88,,19482244982,ACH
2025-10-14,2025-10-14,MERCHANT BANKCARD DEP — CLOVER TULLY BATCH 435830,Card settlement,CREDIT,16562.76,200679.64,,72893538446,DEPOSIT
2025-10-15,2025-10-15,ACH — PAYROLL  JADE LOTUS  NET WAGES,Payroll,DEBIT,-22750.00,177929.64,,82569432609,ACH
2025-10-17,2025-10-17,MERCHANT BANKCARD DEP — CLOVER STORY BATCH 426014,Card settlement,CREDIT,11772.28,189701.92,,34229729254,DEPOSIT
2025-10-18,2025-10-18,ACH — EFTPS / EDD PAYROLL TAX DEPOSIT,Taxes,DEBIT,-22500.00,167201.92,,69732234196,ACH
2025-10-20,2025-10-20,ACH/CARD — PG&E UTILITIES,Utilities,DEBIT,-1033.00,166168.92,,21824348022,ACH
2025-10-20,2025-10-20,ACH/CARD — SAN JOSE WATER,Utilities,DEBIT,-420.00,165748.92,,63903240839,ACH
2025-10-20,2025-10-20,ACH/CARD — STATE FARM COMMERCIAL INS,Insurance,DEBIT,-575.00,165173.92,,59062458620,ACH
2025-10-20,2025-10-20,ACH/CARD — META ADS / GOOGLE ADS,Advertising,DEBIT,-780.00,164393.92,,17233929052,ACH
2025-10-20,2025-10-20,ACH/CARD — COMCAST BUSINESS INTERNET,Utilities,DEBIT,-289.00,164104.92,,89753129469,ACH
2025-10-20,2025-10-20,ACH/CARD — MERCHANT CARD FEES — CLOVER,Bank fees,DEBIT,-404.00,163700.92,,84608320505,ACH
2025-10-20,2025-10-20,ACH/CARD — CITYWIDE JANITORIAL SVC,Services,DEBIT,-154.00,163546.92,,64250100386,ACH
2025-10-20,2025-10-20,ACH/CARD — ABC EQUIPMENT REPAIR,Repairs,DEBIT,-300.00,163246.92,,59751236205,ACH
2025-10-21,2025-10-21,MERCHANT BANKCARD DEP — CLOVER MCLAUGHLIN BATCH 460537,Card settlement,CREDIT,17604.47,180851.39,,82149557155,DEPOSIT
2025-10-23,2025-10-23,ACH — SUNRISE BEAUTY SUPPLY  DISTRIBUTOR INV,Supplies,DEBIT,-12708.33,168143.06,,91650387307,ACH
2025-10-24,2025-10-24,MERCHANT BANKCARD DEP — CLOVER TULLY BATCH 481050,Card settlement,CREDIT,13658.88,181801.94,,31788160023,DEPOSIT
2025-10-28,2025-10-28,MERCHANT BANKCARD DEP — CLOVER STORY BATCH 476552,Card settlement,CREDIT,12836.16,194638.10,,31158386634,DEPOSIT
2025-10-31,2025-10-31,ACH — PAYROLL  JADE LOTUS  NET WAGES,Payroll,DEBIT,-22750.00,171888.10,,99412457332,ACH
2025-11-03,2025-11-03,MERCHANT BANKCARD DEP — CLOVER MCLAUGHLIN BATCH 436022,Card settlement,CREDIT,19311.25,191199.35,,77741471856,DEPOSIT
2025-11-05,2025-11-05,CHECK — RENT 1885 Tully Rd — TRAN QUOC DUNG,Rent,DEBIT,-2000.00,189199.35,4161,63288308641,CHECK
2025-11-05,2025-11-05,CHECK — RENT 1885 Tully Rd — VO KIM OANH,Rent,DEBIT,-2000.00,187199.35,4162,87907645199,CHECK
2025-11-05,2025-11-05,CHECK — RENT 2402 Story Rd — TRAN QUOC DUNG,Rent,DEBIT,-2000.00,185199.35,4163,86842762889,CHECK
2025-11-05,2025-11-05,CHECK — RENT 2402 Story Rd — VO KIM OANH,Rent,DEBIT,-2000.00,183199.35,4164,83211121342,CHECK
2025-11-05,2025-11-05,CHECK — RENT 1190 McLaughlin Ave — TRAN QUOC DUNG,Rent,DEBIT,-2000.00,181199.35,4165,65085329499,CHECK
2025-11-05,2025-11-05,CHECK — RENT 1190 McLaughlin Ave — VO KIM OANH,Rent,DEBIT,-2000.00,179199.35,4166,75196573206,CHECK
2025-11-07,2025-11-07,MERCHANT BANKCARD DEP — CLOVER TULLY BATCH 460613,Card settlement,CREDIT,11224.16,190423.51,,13463092812,DEPOSIT
2025-11-09,2025-11-09,ACH — SUNRISE BEAUTY SUPPLY  DISTRIBUTOR INV,Supplies,DEBIT,-12708.33,177715.18,,56182749281,ACH
2025-11-11,2025-11-11,MERCHANT BANKCARD DEP — CLOVER STORY BATCH 461806,Card settlement,CREDIT,14460.20,192175.38,,40854903971,DEPOSIT
2025-11-12,2025-11-12,ACH PMT — PACIFIC CREST COMMUNITY BANK LOAN XXXXXX7744,Loan payment,DEBIT,-782.65,191392.73,,27193310085,ACH
2025-11-14,2025-11-14,MERCHANT BANKCARD DEP — CLOVER MCLAUGHLIN BATCH 403417,Card settlement,CREDIT,17056.38,208449.11,,43535091521,DEPOSIT
2025-11-15,2025-11-15,ACH — PAYROLL  JADE LOTUS  NET WAGES,Payroll,DEBIT,-22750.00,185699.11,,58704100065,ACH
2025-11-17,2025-11-17,MERCHANT BANKCARD DEP — CLOVER TULLY BATCH 496279,Card settlement,CREDIT,18677.71,204376.82,,70090735125,DEPOSIT
2025-11-18,2025-11-18,ACH — EFTPS / EDD PAYROLL TAX DEPOSIT,Taxes,DEBIT,-22500.00,181876.82,,69018689634,ACH
2025-11-20,2025-11-20,ACH/CARD — PG&E UTILITIES,Utilities,DEBIT,-1033.00,180843.82,,65227733466,ACH
2025-11-20,2025-11-20,ACH/CARD — SAN JOSE WATER,Utilities,DEBIT,-420.00,180423.82,,54192132381,ACH
2025-11-20,2025-11-20,ACH/CARD — STATE FARM COMMERCIAL INS,Insurance,DEBIT,-575.00,179848.82,,45867789926,ACH
2025-11-20,2025-11-20,ACH/CARD — META ADS / GOOGLE ADS,Advertising,DEBIT,-780.00,179068.82,,38744139499,ACH
2025-11-20,2025-11-20,ACH/CARD — COMCAST BUSINESS INTERNET,Utilities,DEBIT,-289.00,178779.82,,60472031117,ACH
2025-11-20,2025-11-20,ACH/CARD — MERCHANT CARD FEES — CLOVER,Bank fees,DEBIT,-404.00,178375.82,,65961970177,ACH
2025-11-20,2025-11-20,ACH/CARD — CITYWIDE JANITORIAL SVC,Services,DEBIT,-154.00,178221.82,,48489742242,ACH
2025-11-20,2025-11-20,ACH/CARD — ABC EQUIPMENT REPAIR,Repairs,DEBIT,-300.00,177921.82,,25933151876,ACH
2025-11-21,2025-11-21,MERCHANT BANKCARD DEP — CLOVER STORY BATCH 457113,Card settlement,CREDIT,19029.61,196951.43,,47578659463,DEPOSIT
2025-11-23,2025-11-23,ACH — SUNRISE BEAUTY SUPPLY  DISTRIBUTOR INV,Supplies,DEBIT,-12708.33,184243.10,,15876221606,ACH
2025-11-24,2025-11-24,MERCHANT BANKCARD DEP — CLOVER MCLAUGHLIN BATCH 454502,Card settlement,CREDIT,12140.43,196383.53,,71130234407,DEPOSIT
2025-11-28,2025-11-28,MERCHANT BANKCARD DEP — CLOVER TULLY BATCH 449156,Card settlement,CREDIT,14206.64,210590.17,,44011849297,DEPOSIT
2025-11-30,2025-11-30,ACH — PAYROLL  JADE LOTUS  NET WAGES,Payroll,DEBIT,-22750.00,187840.17,,90309313161,ACH
2025-12-03,2025-12-03,MERCHANT BANKCARD DEP — CLOVER STORY BATCH 430351,Card settlement,CREDIT,15162.12,203002.29,,65835301716,DEPOSIT
2025-12-05,2025-12-05,CHECK — RENT 1885 Tully Rd — TRAN QUOC DUNG,Rent,DEBIT,-2000.00,201002.29,4167,14068640970,CHECK
2025-12-05,2025-12-05,CHECK — RENT 1885 Tully Rd — VO KIM OANH,Rent,DEBIT,-2000.00,199002.29,4168,74268594239,CHECK
2025-12-05,2025-12-05,CHECK — RENT 2402 Story Rd — TRAN QUOC DUNG,Rent,DEBIT,-2000.00,197002.29,4169,63566652966,CHECK
2025-12-05,2025-12-05,CHECK — RENT 2402 Story Rd — VO KIM OANH,Rent,DEBIT,-2000.00,195002.29,4170,28344669281,CHECK
2025-12-05,2025-12-05,CHECK — RENT 1190 McLaughlin Ave — TRAN QUOC DUNG,Rent,DEBIT,-2000.00,193002.29,4171,26553022154,CHECK
2025-12-05,2025-12-05,CHECK — RENT 1190 McLaughlin Ave — VO KIM OANH,Rent,DEBIT,-2000.00,191002.29,4172,96262280965,CHECK
2025-12-07,2025-12-07,MERCHANT BANKCARD DEP — CLOVER MCLAUGHLIN BATCH 454911,Card settlement,CREDIT,18192.69,209194.98,,70106546890,DEPOSIT
2025-12-09,2025-12-09,ACH — SUNRISE BEAUTY SUPPLY  DISTRIBUTOR INV,Supplies,DEBIT,-12708.33,196486.65,,85649352321,ACH
2025-12-11,2025-12-11,MERCHANT BANKCARD DEP — CLOVER TULLY BATCH 463553,Card settlement,CREDIT,15167.76,211654.41,,36704495748,DEPOSIT
2025-12-12,2025-12-12,ACH PMT — PACIFIC CREST COMMUNITY BANK LOAN XXXXXX7744,Loan payment,DEBIT,-782.65,210871.76,,86999978293,ACH
2025-12-12,2025-12-12,EFTPS — FEDERAL CORP ESTIMATED TAX 1120,Taxes,DEBIT,-4500.00,206371.76,,34861000802,ACH
2025-12-12,2025-12-12,FTB — CA CORP ESTIMATED TAX,Taxes,DEBIT,-3000.00,203371.76,,47689812894,ACH
2025-12-14,2025-12-14,MERCHANT BANKCARD DEP — CLOVER STORY BATCH 481754,Card settlement,CREDIT,19454.94,222826.70,,83540686323,DEPOSIT
2025-12-15,2025-12-15,ACH — PAYROLL  JADE LOTUS  NET WAGES,Payroll,DEBIT,-22750.00,200076.70,,25434856764,ACH
2025-12-16,2025-12-16,ACH — BAYSHORE TAX & ACCT  ACCOUNTING & PAYROLL,Professional,DEBIT,-1150.00,198926.70,,68186841193,ACH
2025-12-17,2025-12-17,MERCHANT BANKCARD DEP — CLOVER MCLAUGHLIN BATCH 467973,Card settlement,CREDIT,19928.89,218855.59,,18579341964,DEPOSIT
2025-12-18,2025-12-18,ACH — EFTPS / EDD PAYROLL TAX DEPOSIT,Taxes,DEBIT,-22500.00,196355.59,,98900347678,ACH
2025-12-19,2025-12-19,WIRE — SHAREHOLDER DISTRIBUTION  MAI-LINH TRAN,Distribution,DEBIT,-18000.00,178355.59,,11480844596,WIRE
2025-12-19,2025-12-19,WIRE — SHAREHOLDER DISTRIBUTION  TRAN QUOC DUNG,Distribution,DEBIT,-13500.00,164855.59,,19762102435,WIRE
2025-12-19,2025-12-19,WIRE — SHAREHOLDER DISTRIBUTION  VO KIM OANH,Distribution,DEBIT,-13500.00,151355.59,,62402795346,WIRE
2025-12-20,2025-12-20,ACH/CARD — PG&E UTILITIES,Utilities,DEBIT,-1033.00,150322.59,,44848441444,ACH
2025-12-20,2025-12-20,ACH/CARD — SAN JOSE WATER,Utilities,DEBIT,-420.00,149902.59,,59737840978,ACH
2025-12-20,2025-12-20,ACH/CARD — STATE FARM COMMERCIAL INS,Insurance,DEBIT,-575.00,149327.59,,55297715288,ACH
2025-12-20,2025-12-20,ACH/CARD — META ADS / GOOGLE ADS,Advertising,DEBIT,-780.00,148547.59,,29989357818,ACH
2025-12-20,2025-12-20,ACH/CARD — COMCAST BUSINESS INTERNET,Utilities,DEBIT,-289.00,148258.59,,17505850570,ACH
2025-12-20,2025-12-20,ACH/CARD — MERCHANT CARD FEES — CLOVER,Bank fees,DEBIT,-404.00,147854.59,,78297914657,ACH
2025-12-20,2025-12-20,ACH/CARD — CITYWIDE JANITORIAL SVC,Services,DEBIT,-154.00,147700.59,,96448715211,ACH
2025-12-20,2025-12-20,ACH/CARD — ABC EQUIPMENT REPAIR,Repairs,DEBIT,-300.00,147400.59,,17100147712,ACH
2025-12-20,2025-12-20,CHECK — SHAREHOLDER LOAN INTEREST  TRAN QUOC DUNG,Interest,DEBIT,-5000.00,142400.59,4173,14167255425,CHECK
2025-12-20,2025-12-20,CHECK — SHAREHOLDER LOAN INTEREST  VO KIM OANH,Interest,DEBIT,-5000.00,137400.59,4174,23566176626,CHECK
2025-12-21,2025-12-21,MERCHANT BANKCARD DEP — CLOVER TULLY BATCH 464341,Card settlement,CREDIT,19906.26,157306.85,,41616422746,DEPOSIT
2025-12-23,2025-12-23,ACH — SUNRISE BEAUTY SUPPLY  DISTRIBUTOR INV,Supplies,DEBIT,-12708.41,144598.44,,14942703129,ACH
2025-12-24,2025-12-24,MERCHANT BANKCARD DEP — CLOVER STORY BATCH 493962,Card settlement,CREDIT,19321.98,163920.42,,84516304434,DEPOSIT
2025-12-28,2025-12-28,MERCHANT BANKCARD DEP — CLOVER MCLAUGHLIN BATCH 428143,Card settlement,CREDIT,12330.19,176250.61,,10943555244,DEPOSIT
2025-12-31,2025-12-31,ACH — PAYROLL  JADE LOTUS  NET WAGES,Payroll,DEBIT,-22750.00,153500.61,,22682224213,ACH
